2950 4492
331 213 369 274 1'2
883 296 889 309 ι

329 351 400 415 cula
420 359 572 412 ceterum
590 339 817 427 epitomatoris
837 360 880 402 ex
892 359 983 403 more
996 335 1176 401 coniunctis
1190 337 1320 402 inserta
1334 340 1405 418 ¹⁷).

331 451 431 517 Cuius
453 447 598 512 centonis
623 443 768 509 brevitas
796 462 878 526 quae
904 451 1009 505 totum
1031 439 1219 515 Octavium,
1254 440 1398 504 librum

329 551 456 616 minime
468 549 638 633 profusum
653 550 693 610 ad
709 543 896 630 vigesimam
910 543 980 606 fere
998 552 1122 624 partem
1143 543 1299 626 redegit„
1315 564 1396 606 non

329 656 546 736 comparanda
577 663 624 714 est
652 670 723 712 eum
756 645 915 711 brevitate
946 665 1001 720 ea,
1034 665 1115 728 quae
1148 643 1339 707 Minucium
1372 667 1394 707 a

330 755 532 821 Tertulliano
561 749 727 834 distinguit
740 781 754 826 ,·
784 747 839 834 qui
868 767 1059 833 quamquam
1084 744 1182 808 tertia
1210 767 1252 809 ex
1282 757 1393 828 parte

282 837 286 844 ι
329 859 418 922 illum
438 859 573 920 excedat
595 857 771 924 verborum
794 848 1013 925 multitudine,
1037 869 1073 910 re
1093 859 1197 911 tamen
1217 847 1290 930 ipsa
1314 869 1391 911 non

328 959 430 1023 multo
459 957 552 1042 plura
575 976 766 1041 quamquam
790 952 921 1016 diversa
940 949 1039 1028 dixit,
1070 960 1165 1035 atque
1191 971 1229 1013 ea
1253 960 1386 1012 tantum

322 1061 412 1152 'quae
437 1058 617 1142 posteriori
645 1055 787 1138 tempori
819 1051 1031 1118 adscribenda
1057 1063 1142 1115 sunt.
1194 1051 1307 1131 Quare
1345 1055 1387 1114 de

330 1273 433 1325 iudicis
455 1280 614 1344 potestate;
637 1288 690 1341 per
713 1269 808 1322 orbern
832 1285 902 1321 vero
928 1267 1072 1338 discipuli,
1099 1269 1239 1334 magistro
1266 1275 1295 1318 et
1316 1267 1384 1318 Deo

332 1356 476 1412 monente,
503 1342 600 1416 diffiesi
620 1353 774 1416 praecepta
792 1344 850 1396 Dei
874 1349 905 1394 in
929 1345 1049 1395 salutem
1074 1341 1193 1406 darent,
1218 1341 1254 1392 ab
1278 1359 1384 1392 errore

332 1422 511 1475 tenebrarum
534 1420 575 1472 ad
594 1425 672 1470 viam
690 1421 762 1471 lucis
783 1417 976 1486 adducerent,
1010 1435 1108 1469 caesos
1135 1425 1165 1466 et
1191 1419 1315 1481 ignaros
1344 1415 1387 1466 ad

287 1513 292 1520 ·
332 1501 509 1565 agnitionem
535 1499 668 1546 veritatis
698 1494 852 1548 ocularent.
892 1499 919 1551 7.
940 1495 984 1544 Ac
1000 1510 1035 1543 ne
1054 1500 1127 1542 esset
1141 1491 1273 1561 probatio
1287 1495 1384 1542 minus

209 1614 217 1622 .
268 1590 270 1594 ·
331 1571 424 1622 solida
439 1578 468 1620 et
479 1570 512 1620 de
527 1567 640 1622 Christo
653 1567 777 1621 delicata
789 1565 947 1638 confessio,
964 1585 1018 1638 per
1031 1575 1190 1632 tormenta,
1208 1583 1262 1637 per
1274 1583 1383 1630 crnces,

328 1664 381 1718 per
399 1645 490 1696 miella
505 1661 662 1711 poenarum
681 1661 789 1712 genera
817 1650 974 1694 tentantur.
1012 1649 1041 1702 8.
1060 1642 1220 1712 Dolorque·
1243 1646 1382 1692 veritatis

331 1725 413 1771 testis
431 1728 474 1770 est
496 1719 663 1769 admovetur
682 1726 714 1769 nt
733 1716 880 1782 Christus,
907 1717 965 1768 Dei
974 1715 1079 1789 filius,
1101 1720 1148 1787 qui
1166 1717 1325 1768 hominibus
1344 1715 1384 1765 ad

331 1801 424 1846 vitam
446 1793 529 1844 datus
548 1791 689 1857 creditur,
710 1811 767 1842 non
785 1799 895 1842 tantum
909 1796 1061 1862 praeconio
1079 1796 1176 1857 vocis,
1197 1792 1249 1842 sed
1267 1799 1296 1841 et
1309 1809 1381 1854 pas-

331 1874 421 1920 sionis
446 1871 606 1919 testimonio
630 1866 857 1935 praedicaretur.
898 1871 926 1925 9.
953 1867 1035 1917 Hune
1061 1860 1174 1934 igitur,
1195 1870 1379 1929 comitamur,

332 1943 403 1994 hrenc
429 1946 584 2012 sequimur,
610 1939 682 1992 hunc
701 1941 832 1992 habemus
850 1946 962 1992 itineris
981 1941 1094 2007 ducem,
1122 1941 1192 1992 lucis
1207 1947 1380 2012 principem,

332 2017 437 2068 salutis.
451 2025 610 2080 auctorem,
632 2017 739 2066 caelum
755 2021 867 2085 pariter
881 2023 909 2066 et
927 2015 1043 2066 Patrem
1062 2016 1259 2087 quaerentibus
1271 2024 1300 2066 et
1311 2033 1379 2066 cre-

332 2091 461 2142 dentibus
481 2091 668 2160 pollicentem.
709 2098 744 2148 10
763 2089 847 2159 Quod
871 2098 915 2141 est
935 2089 1064 2142 Christus
1085 2095 1188 2142 erimus
1208 2089 1378 2153 Christiani,
1451 2124 1452 2155 ,

332 2171 358 2218 si
378 2165 519 2217 Christum
536 2163 684 2234 fuerimus
709 2162 820 2237 secuti.)
860 2163 902 2216 Cf.
926 2166 1042 2220 Hieron.
1063 2163 1097 2216 ad
1119 2165 1332 2218 pammachium
1352 2179 1378 2216 et

333 2239 489 2296 Oceanum.
529 2237 569 2290 Et
593 2239 692 2289 beatus
713 2240 871 2312 Cyprianus
897 2238 1074 2291 Tertulliano
1101 2247 1244 2311 magistro
1270 2243 1377 2304 utitur,

332 2323 364 2366 ut
384 2319 443 2365 eius
462 2317 571 2385 scripta
587 2312 720 2384 probant.

372 2393 420 2455 17)
441 2391 464 2442 Ι.
491 2393 546 2454 ba)
571 2388 610 2440 Et
632 2387 779 2440 videamus
799 2406 838 2439 an
862 2396 919 2439 stet
947 2386 1014 2439 haec
1037 2387 1115 2458 apud
1134 2392 1264 2459 singulos
1293 2392 1376 2440 ratio.

332 2463 497 2516 Melicertes
517 2472 546 2514 et
569 2461 728 2514 Leucothea
746 2467 974 2534 praecipitantur
990 2468 1020 2514 in
1040 2469 1133 2516 maria
1152 2475 1181 2516 et
1193 2465 1276 2538 fiunt
1291 2471 1375 2535 post-

332 2539 414 2590 modo
433 2543 521 2590 maris
538 2543 661 2590 numina.
682 2566 719 2577 -
739 2537 794 2605 5b)
816 2546 845 2588 et
863 2542 966 2588 mensis
984 2537 1137 2590 Ianuarius
1156 2545 1304 2593 institutus
1325 2546 1375 2590 est.

332 2613 395 2683 lpse
414 2612 528 2681 bifrons
547 2617 735 2682 exprimitur,
763 2612 836 2683 quod
853 2617 883 2663 in
901 2611 991 2664 medio
1008 2619 1192 2680 constitutus,
1214 2634 1318 2667 annum
1335 2617 1377 2662 in-

332 2691 479 2756 cipientem
489 2691 603 2758 pariter
615 2695 645 2738 et
657 2685 830 2753 recedentem
842 2695 971 2758 spectare
980 2687 1124 2743 videatur.
1136 2717 1172 2729 -
1183 2691 1220 2743 ll.
1232 2691 1286 2757 sb)
1300 2705 1375 2760 quem

334 2761 485 2829 (Consum)
513 2762 592 2812 deum
612 2760 737 2830 fraudis
763 2762 842 2812 velut
866 2762 1044 2812 consiliorum
1068 2766 1148 2816 deum
1173 2765 1228 2815 coli
1247 2763 1376 2818 Romulus

332 2837 424 2890 voluit
433 2844 580 2908 postquam
596 2840 626 2885 in
639 2843 752 2904 raptum
765 2834 935 2886 Sabinarum
948 2834 1075 2908 perfidia
1087 2844 1230 2909 provenit.
1251 2869 1285 2882 -
1306 2837 1375 2896 7.1n

334 2919 446 2964 tantum
465 2927 535 2961 vero
554 2908 669 2960 deorum
689 2908 828 2960 vocabula
845 2910 922 2981 apied
940 2911 1081 2963 Romanos
1092 2911 1267 2984 finguntur,
1288 2917 1375 2964 utsii

334 2982 410 3054 apud
427 2983 491 3036 illos
511 2991 539 3034 et
560 2983 592 3036 V
591 2981 672 3032 iduus
691 2980 759 3033 dens
778 2989 826 3054 qui
846 2991 942 3037 anima
962 3003 1062 3054 corpus
1083 2987 1201 3054 viduet,
1231 2994 1278 3060 qni
1298 2991 1374 3058 quasi

325 3059 437 3128 feralis
454 3067 482 3109 et
493 3055 632 3128 funebris
648 3061 728 3108 intra
747 3076 844 3110 muros
863 3077 920 3110 non
939 3059 1072 3129 habetur,
1092 3063 1144 3114 sed
1151 3065 1236 3132 soris
1254 3062 1373 3114 colloca-
1451 3112 1452 3127 ,

334 3141 399 3199 tur,
421 3140 454 3186 at
472 3131 652 3183 nihilominus
671 3137 737 3202 quia
755 3139 880 3186 extorris
889 3132 1012 3204 factus,
1033 3136 1187 3189 damnatur
1204 3144 1300 3210 potius
1318 3136 1373 3188 lio-
1451 3142 1452 3147 ’

332 3225 418 3262 mana
438 3209 540 3276 religio
561 3225 644 3276 quam
672 3207 783 3262 colitur.
822 3215 850 3270 8.
870 3209 926 3262 Est
953 3219 982 3261 et
1001 3211 1123 3263 Scansus
1144 3213 1180 3263 ab
1198 3212 1374 3277 adscensibus

333 3283 426 3334 dictus
442 3292 470 3333 et
486 3281 616 3332 Ferculus
635 3298 653 3331 a
666 3278 782 3350 foribus
798 3291 828 3334 et
847 3302 866 3334 a
879 3285 1019 3336 liminibus
1035 3285 1210 3339 Limentinus
1225 3297 1254 3339 et
1269 3289 1373 3340 Cardea

333 3375 352 3409 a
377 3354 538 3409 cardinibus
563 3365 592 3408 et
618 3355 655 3407 ab
670 3357 837 3410 orbitatibus
857 3358 987 3413 orbona..
1002 3389 1040 3400 -
1061 3369 1133 3425 102)
1154 3362 1243 3415 Plane
1261 3369 1327 3412 sunt
1344 3369 1372 3412 et

332 3431 409 3502 apud
425 3430 567 3482 Romanos
585 3439 614 3482 et
631 3435 700 3483 victi
717 3431 840 3485 Penates
858 3452 926 3504 quos
945 3436 1058 3486 Aeneas
1073 3434 1220 3508 profugus
1245 3436 1369 3492 advexit.

331 3505 371 3558 Et
390 3513 433 3556 est
452 3505 550 3558 Venus
564 3507 650 3558 multo
670 3505 714 3559 hic
735 3514 847 3580 turpius
866 3509 950 3560 calva
968 3529 1051 3581 quam
1069 3541 1102 3553 -
1122 3541 1159 3554 -
1177 3513 1231 3566 111.
1248 3518 1262 3568 1
1278 3510 1370 3578 Regna

331 3587 427 3634 autem
439 3598 495 3631 non
509 3586 608 3634 merito
625 3581 771 3650 occidnut,
791 3582 843 3634 sed
855 3593 933 3635 sorte
946 3590 1109 3640 variantur.
1129 3611 1166 3626 -
1185 3611 1222 3626 -
1240 3585 1289 3637 Ita
1299 3588 1371 3636 vici-

331 3655 382 3706 bus
397 3663 572 3726 potestatum
593 3657 724 3710 Romanis
745 3677 849 3730 quoque
870 3667 902 3710 ut
920 3667 949 3710 et
968 3652 1071 3711 ceteris
1089 3661 1249 3731 imperandi
1269 3669 1370 3729 tempus

331 3730 454 3786 obvenit.
480 3759 516 3773 -
543 3738 559 3790 7
585 3732 707 3788 Horum.
721 3742 816 3786 autem
835 3739 956 3786 omnium
974 3741 1052 3786 ratio
1071 3745 1114 3788 est
1132 3737 1183 3788 illa
1203 3754 1273 3803 quae
1285 3733 1370 3805 fallit

332 3813 361 3856 et
381 3804 484 3876 decipit
503 3814 531 3856 et
547 3811 717 3876 praestigiis
735 3808 914 3860 caecantibus
932 3814 1085 3862 veritatem
1109 3813 1227 3864 stultum
1253 3819 1281 3862 et
1301 3825 1369 3879 pro-

331 3877 429 3947 digum
446 3880 551 3946 vulgus
570 3880 686 3934 inducit.
706 3911 743 3924 -
763 3884 811 3937 lv.
830 3883 888 3951 2b)
902 3885 1022 3936 Hermes
1044 3903 1149 3957 quoque
1168 3884 1367 3952 Trismegistus

329 3970 414 4004 uenum
434 3955 525 4005 Deum
541 3955 680 4024 loquitur,
699 3974 810 4028 eumque
828 3959 1128 4028 incomprehensibilem
1150 3970 1233 4032 atque
1251 3960 1365 4011 inaesti-

330 4027 459 4080 mabilem
478 4025 642 4098 confitetur.
