2950 4492
331 177 371 240 1⁰

328 313 437 395 fonte,
458 311 581 378 scilicet
595 314 823 396 Athenagora,
840 310 994 390 Tatium,
1013 295 1216 391 Theophila,
1234 321 1267 373 et
1285 331 1412 394 prae-

330 416 424 498 cipue
443 415 586 491 Iustino,
608 415 641 478 in
662 436 756 499 quem
781 413 849 478 loci
867 413 902 475 in
923 412 1040 498 quibus
1061 411 1284 475 Tertullianus
1316 434 1407 474 cum

331 517 483 582 Minucio
501 517 675 592 consentit,
697 516 805 578 itidem
829 519 1002 599 quadrant,
1030 513 1153 588 hausit,
1183 513 1405 590 Minucium,

332 618 458 684 collatis
489 619 619 700 insuper
651 617 766 682 ceteris
796 616 1007 702 argumentis,
1040 637 1057 678 a
1081 615 1286 678 Tertulliano
1319 637 1403 680 esse

331 712 527 803 exscriptum
547 719 787 785 convenientius
803 731 850 782 est
867 741 961 804 quam
979 716 1223 794 Tertullianum,
1241 729 1278 779 nt
1297 721 1401 782 Wo-

330 822 451 886 werius
468 835 498 886 et
515 822 615 886 ceteri
628 822 775 907 plerique
792 822 919 896 volunt,
944 843 961 882 a
978 819 1140 884 Minucio.
1175 819 1231 882 Cf.
1252 824 1399 884 Roess-

330 929 442 988 lerum
460 924 561 1005 (Bibl.
586 928 642 987 der
665 927 707 989 Κ.
727 925 774 986 V.
796 925 864 987 Ill.
886 925 920 1002 2)
939 918 1116 985 dicentem:
1139 925 1218 1003 Quo
1236 923 1396 1004 saepius

330 1027 481 1090 libellum
499 1026 650 1090 Minucii
664 1029 826 1109 perlego,
854 1047 959 1109 quam
981 1024 1133 1086 maxime
1156 1023 1274 1085 aliena
1298 1024 1395 1087 naihi

330 1129 465 1192 videtur
490 1128 608 1210 opinio
637 1150 758 1192 eorum
786 1128 845 1212 qni
878 1139 1037 1190 nostrum
1063 1119 1274 1190 Tertulliani
1305 1126 1393 1188 imi-

330 1243 481 1296 tatorem
504 1231 671 1305 credunt,
708 1251 789 1314 quae
818 1228 930 1310 opinio
953 1228 1163 1309 Tschirnera
1184 1229 1331 1307 (Gesch.
1359 1231 1391 1292 d.

331 1332 435 1412 Apol.
458 1332 487 1393 1.
504 1332 663 1394 ato-tm
709 1331 912 1394 schroecnh.
934 1333 978 1396 Κ.
996 1332 1039 1393 G.
1053 1331 1120 1392 Ill.
1144 1329 1207 1390 tto
1225 1328 1391 1392 Gallandi

331 1432 492 1496 Biblioth.
518 1435 609 1496 Vett.
629 1435 721 1522 Patr.
745 1435 832 1496 Ven.
855 1433 949 1496 176⁶.
969 1432 1166 1496 ILProlus.
1188 1454 1224 1513 p.
1244 1433 1388 1510 XLII.)

257 1561 263 1574 ·
332 1537 525 1616 opponenda
543 1546 606 1610 est,
630 1532 810 1596 Minucium
827 1535 929 1597 levem
947 1546 979 1597 et
998 1534 1162 1616 vulgarem
1184 1531 1386 1616 scriptorem

332 1635 463 1711 dicenti,
496 1636 728 1700 Tertullianum
757 1647 860 1698 autem
890 1634 1020 1718 iugenio
1049 1647 1080 1698 et
1109 1636 1259 1698 acumine·
1281 1658 1382 1718 prae-

333 1737 556 1801 stantissimum
576 1751 608 1801 et
629 1737 821 1802 eruditionis
843 1739 928 1800 haud
948 1749 1113 1819 expertem
1130 1737 1186 1823 qui
1202 1737 1292 1800 illum
1307 1737 1394 1800 imi-⁴

330 1838 394 1902 tari
416 1860 482 1902 oon
502 1840 662 1919 potnerit,
691 1840 782 1926 quasi
802 1840 874 1903 ideo
899 1841 986 1902 hunc
1007 1838 1062 1901 ille
1085 1861 1212 1903 necesse
1238 1838 1382 1902 imitatus
1447 1889 1449 1892 >

270 2027 271 2032 η
332 1941 373 2003 sit
401 1952 433 2002 et
463 1961 529 2002 non
560 1942 671 2021 potius
701 1940 883 2005 Minucius
912 1941 1134 2025 grauioribus
1159 1942 1380 2025 argumentis

332 2063 417 2106 usus
426 2040 561 2131 fuerit,
586 2044 618 2105 si
638 2044 893 2108 Tertullianum
911 2057 992 2106 ante
1009 2045 1127 2108 oculos
1146 2045 1332 2107 habteisset.
1447 2072 1449 2155 q

396 2147 461 2208 Sed
492 2145 685 2209 Worverius
717 2167 886 2228 numquam
915 2157 1058 2227 propter·
1079 2167 1182 2228 pauca
1208 2144 1263 2208 illa
1295 2167 1377 2230 quae
1447 2192 1449 2207 .

331 2245 481 2313 Minucio
502 2269 571 2310 cum
588 2247 788 2312 Tertulliano
806 2246 887 2313 sicut
905 2259 936 2311 et
952 2247 1167 2331 apologeticis
1183 2250 1372 2312 anteceden-

329 2349 414 2412 tibus
438 2361 470 2414 et
504 2349 709 2436 sequentibus
741 2353 848 2412 eadem
881 2353 920 2412 de
947 2372 999 2425 re,
1031 2350 1158 2433 utiam
1187 2349 1375 2413 observavit

330 2451 524 2528 Balduinus,
540 2452 684 2516 similiter
700 2451 832 2515 dicenda
847 2464 948 2528 eraut,
970 2451 1032 2516 sibi
1044 2452 1237 2535 sumpsisset,
1254 2452 1373 2520 Mina-

328 2555 421 2618 cium
450 2567 572 2638 apertu
603 2556 796 2619 imitatione
826 2555 977 2619 aliorum
1016 2555 1119 2636 verba
1153 2555 1227 2618 suis
1261 2553 1372 2616 immi·

328 2657 474 2732 senisse,
506 2656 627 2722 nisiex
655 2657 807 2722 Sabellici
831 2670 862 2720 et
893 2656 1066 2720 Tritbemii
1092 2655 1281 2720 testimoniis
1302 2677 1371 2718 eum

331 2758 532 2824 Tertulliano
554 2759 713 2823 iuniorem
738 2780 806 2821 esse
830 2758 896 2822 sine
919 2759 1065 2823 examine
1088 2757 1178 2842 prius
1201 2757 1370 2842 posuisset.

392 2863 511 2940 Longe
539 2873 642 2924 antem
672 2859 733 2922 alia
759 2859 844 2924 ratio
870 2873 917 2924 est
939 2860 1039 2924 libelli
1060 2862 1102 2924 de
1124 2861 1275 2924 vanitate
1298 2860 1370 2922 ido·
1436 2885 1439 2890 ’

329 2965 461 3035 lorum,
486 2959 577 3022 cuius
595 2962 629 3022 V
644 2960 756 3044 priora
776 2961 879 3043 capita
893 2976 1002 3046 aperte
1020 2963 1203 3046 Cyprianus
1218 2985 1260 3027 ex
1275 2963 1370 3027 Octa·

330 3062 387 3126 vio
415 3062 587 3143 exscripsit
613 3063 724 3126 iisdem
755 3085 881 3147 semper
916 3067 1041 3144 verbis,
1082 3065 1227 3151 quamvis
1261 3063 1368 3128 ordine
1442 3088 1448 3167 q

330 3175 451 3227 mutato
476 3165 921 3248 1⁵)11.p0sterioraautam
946 3191 964 3233 e
994 3167 1186 3233 Tertulliani
1214 3165 1364 3250 apologe-
1392 3218 1395 3223 ,

329 3345 816 3476 5ssflff12-wssmw
833 3346 1239 3410 mewncmma
1251 3343 1367 3406 awa

425 3421 545 3475 man

404 3493 528 3550 n.1=
538 3493 1448 3564 me-uttswrs-mcasw;,

328 3570 397 3626 9:
411 3569 607 3629 mam
621 3571 702 3626 mn

403 3643 544 3700 ml:
506 3643 821 3711 menes:
833 3648 956 3702 mn-
967 3643 1363 3713 e‚u=um5=aw;

327 3717 397 3772 6:
410 3717 635 3778 auras
647 3720 737 3777 un.

404 3789 539 3850 rvr..
505 3792 673 3855 Uesta
694 3791 893 3866 aa)=ssc;
914 3797 998 3852 aa:
1008 3797 1091 3856 59-
1102 3794 1277 3853 roes:
1285 3792 1363 3856 ror,

329 3863 605 3940 numeru
618 3867 830 3932 maan
841 3868 1024 3930 mnus
1036 3871 1193 3927 aaut.

404 3937 529 3994 ve-
547 3939 1363 4008 szunma=uems=ur-um

267 3999 1225 4086 'o=uono=uauus=nms=nu
1305 4090 1309 4096 .
