2950 4492
1138 227 1200 274 xix

153 350 263 413 iorem
276 350 351 414 sine
367 347 470 414 dubio
485 351 640 434 qratiam
655 368 678 415 a
689 347 857 415 studiosis
871 346 1029 427 amitibus
1040 350 1196 415 incutis-

152 462 240 526 sent.
283 456 387 525 Nune
405 462 524 526 autem
543 459 625 524 dam
646 460 828 550 quidlibet,
862 462 952 549 quod
976 463 1045 545 ipsi
1074 479 1198 526 eorru-

150 572 251 652 ptum
267 575 472 659 opinantur,
493 589 557 655 pro
581 571 681 637 libita
706 592 770 638 suo
792 577 828 637 et
849 571 995 638 arbitrio
1017 571 1196 660 addendo,

150 681 321 769 tollendo,
344 683 530 768 mutando,
551 688 592 749 nt
607 684 758 772 aliquem
771 703 911 749 seruum
929 684 1091 772 eliciant,
1115 703 1195 749 eor-

149 796 262 877 riqere
289 793 356 858 sibi
378 790 439 877 fas
468 813 543 860 esse
570 798 718 881 patant,
745 800 820 864 tam
847 795 959 861 mulla
980 800 1018 860 in
1038 791 1194 860 Artabio

148 907 398 992 immutarunt,
427 910 469 971 ut
492 905 642 991 infinitis
670 906 824 972 loaisae
853 911 1036 992 oestiqium
1057 905 1195 995 quidem

118 1014 121 1020 '
147 1019 316 1103 aretiqaae
340 1015 500 1082 lectionis
521 1021 570 1082 sit
588 1017 758 1083 relietum.
781 1049 821 1060 -
840 1045 882 1056 -·
903 1016 981 1083 Hoc
1001 1023 1193 1082 incommo-
1291 1017 1296 1024 '

147 1126 230 1190 dum
251 1125 374 1191 Petrus
396 1120 585 1192 Chiaeonus
605 1126 791 1214 Hispanus
807 1168 849 1177 -
865 1148 944 1194 cum
963 1128 1192 1194 animaduer-

146 1241 247 1303 tisset
267 1241 305 1302 in
325 1235 498 1326 Arnobio,
510 1243 778 1327 scoepissetque,
807 1242 950 1304 auctore
971 1279 1013 1288 —
1035 1236 1192 1304 Antonio

145 1344 284 1432 Garafa
302 1343 514 1438 cardinale,
537 1354 740 1416 accuratius
760 1349 912 1438 undique
932 1351 1029 1414 edita
1043 1347 1192 1415 Arnobii

143 1459 364 1546 eaemplaria
379 1457 554 1550 conferre,
570 1480 677 1550 eaque
692 1462 792 1527 docte
809 1465 947 1547 pariter
964 1467 1000 1528 el
1012 1465 1190 1546 inaeniose

144 1577 332 1661 corriyerc,
364 1576 567 1638 institutam
588 1591 673 1657 opas
696 1591 735 1636 eo
760 1573 978 1642 deduxerat,
1010 1577 1052 1638 ul
1071 1571 1191 1638 mullis

143 1683 339 1769 praeclaris
373 1684 642 1750 correctionibus
675 1677 853 1748 industria
879 1703 946 1748 scra
973 1682 1192 1748 illustratam

144 1793 241 1858 brevi
262 1795 420 1858 editurus
439 1791 569 1876 fuisset
585 1792 790 1860 Arnobium.
834 1791 912 1860 seu
930 1793 1094 1859 absolata
1112 1789 1190 1878 fere

142 1908 238 1992 tam,
270 1904 425 1968 nondam
457 1908 576 1970 autem
607 1905 785 1991 perpolita
817 1904 898 1970 libri
928 1901 1189 1993 ancillatione,

142 2019 343 2100 importuna
373 2020 484 2081 morte
509 2021 663 2105 ereptus,
698 2017 811 2080 eidem
837 2037 860 2080 a
886 2036 951 2105 queo
976 2019 1071 2081 totus
1097 2033 1188 2101 pen-

141 2127 249 2192 debat
267 2157 310 2171 -—
331 2132 623 2194 -correctiones
644 2125 860 2216 huiusmodi,
883 2133 915 2193 si
937 2131 970 2192 ei
991 2128 1187 2215 uideretur,

139 2237 371 2323 publicandas
393 2242 603 2303 testamento
625 2238 774 2326 reliquit.
817 2236 893 2305 Nea
916 2240 976 2304 diu
1001 2241 1188 2304 cunctatas

141 2373 182 2385 -
197 2378 236 2388 -
254 2353 367 2415 iotam
388 2348 481 2415 barte
502 2351 546 2414 de
567 2347 741 2440 Arnobio,
764 2355 863 2414 nouis
885 2347 1187 2414 emendationibus

139 2464 243 2544 aucto
273 2459 474 2544 diliaentias
502 2461 709 2545 expoliendo
738 2461 1042 2547 peroulyandoaue
1064 2476 1187 2524 curam

137 2570 236 2636 nobis
259 2574 424 2636 iniunnit.
439 2599 481 2612 --
496 2595 532 2608 ·-
549 2571 687 2636 Boreum
706 2591 790 2659 ueros
810 2573 910 2635 modo
932 2571 1187 2634 nominavimus

137 2681 353 2768 aliorumque
375 2683 554 2747 doctorum
577 2680 754 2763 bominum
775 2680 1075 2746 emendationibus
1097 2697 1186 2768 qliae

138 2797 177 2857 in
193 2789 387 2857 Arnobiam
408 2797 517 2858 variis
544 2793 629 2858 locis
653 2795 813 2880 dispersa
839 2789 1185 2879 circumferebantur,

138 2907 177 2970 in
196 2922 305 2970 unum
323 2904 475 2970 collectis
498 2904 747 2992 diliyenterque
766 2907 1001 2986 examinatis,
1025 2922 1083 2967 cas
1104 2904 1184 2966 ian-

137 3017 206 3079 ium
226 3033 268 3080 ex
295 3014 346 3080 his
373 3017 408 3078 in
437 3017 565 3080 textum
595 3017 780 3100 seriemque
805 3017 1010 3101 recepimus,
1032 3031 1119 3099 quae
1149 3016 1184 3078 et

135 3127 311 3192 muliorum
344 3127 466 3192 iudicio
499 3130 663 3212 probolae
697 3129 731 3190 ct
757 3128 830 3190 sine
856 3127 927 3191 ulla
951 3125 1185 3192 controversia

135 3257 254 3303 veruo¹
272 3241 368 3304 visae
399 3241 479 3302 sunt
508 3234 558 3312 ¹⁰).
613 3237 710 3316 Quae
745 3243 865 3303 autem
895 3239 1040 3301 nonita
1068 3239 1183 3301 eadee

135 3351 360 3440 uidebantur,
383 3355 423 3416 nt
442 3353 518 3416 tato
537 3351 679 3415 admitti
692 3354 851 3439 possent,
873 3369 934 3415 eas
948 3374 989 3386 ··
1003 3380 1046 3392 -
1060 3351 1098 3412 in
1111 3351 1183 3412 oris
1306 3376 1310 3384 ⁴

134 3466 346 3548 payirmrum
363 3463 540 3528 notandas
564 3465 775 3528 curavimus.
798 3490 840 3500 -
860 3459 1053 3549 Requirent
1074 3457 1184 3545 aliqui

134 3602 176 3612 -
187 3577 395 3639 seueriorem
408 3571 561 3657 sortasse
578 3576 892 3656 caaminationem,
914 3576 973 3659 ocri
993 3567 1182 3634 normnllas

171 3879 219 3943 10)
239 3876 352 3928 Praeter
366 3873 412 3928 illa
426 3879 455 3927 in
469 3875 498 3928 P.
514 3875 542 3929 S.
559 3873 690 3929 editionis
705 3878 809 3946 primae
823 3886 948 3925 correcta
964 3892 971 3927 ε
987 3875 1004 3925 2
1017 3871 1050 3924 E.
1071 3869 1134 3926 ic,
1147 3869 1180 3922 E.
1238 3867 1245 3883 '

132 3951 194 4010 5c.
226 3951 372 4010 7F.8B.
403 3944 1178 4011 9ABE.235.24E.25C.263.27A2812

130 4025 213 4084 29Ε.
232 4029 314 4102 ὅΩΑ.
336 4027 413 4086 iii.
435 4027 470 4082 59
493 4025 525 4078 Δ.
553 4027 638 4086 iol).
659 4025 743 4084 521).
