2950 4492
1129 249 1167 311 il

46 426 96 486 A
162 425 330 508 adspirans
347 424 462 489 leniter
480 425 621 488 membra
642 431 822 509 vegetaret,
842 434 873 487 et
889 446 959 487 cum
974 425 1090 489 eximia
1105 446 1165 490 vo·

49 561 87 602 p·
101 546 117 594 3
160 525 301 628 luptatel
315 545 404 609 molli
415 544 551 630 vestigio
562 547 676 608 cedens
690 566 783 607 arena
797 543 994 608 subsideret:
1009 544 1169 610 Caecilius

159 665 350 732 simulacrol
370 665 533 748 Serapidis
557 669 725 740 denotato,
748 677 781 727 ut
796 666 912 749 vulgus
927 665 1168 748 superstitiosus

158 788 260 862 solet,
290 787 429 850 manumll
461 769 714 852 ori'admovens
744 784 887 849 osculum
915 785 1008 849 labiis
1037 786 1165 869 pressit.
1255 826 1262 838 ·

160 908 255 971 Tune
272 908 427 974 Octavius
438 915 450 974 ΙΙ
474 907 534 970 ait:
559 911 637 972 No'n
652 907 730 971 boni
745 907 810 970 viri
824 919 887 984 est,
910 909 1027 973 Marce
1043 907 1164 983 frater,
1192 972 1201 980 ,

157 1028 321 1092 hominem
343 1028 432 1093 domi
453 1029 621 1113 forisquelt
638 1027 732 1092 lateri
747 1040 803 1092 tuo
818 1027 1050 1106 inhaerentem,
1072 1027 1166 1091 sicin

159 1151 223 1213 hac
238 1148 407 1230 inperitiae
423 1147 565 1233 vulgaris
583 1148 754 1213 caelicitate
772 1152 935 1225 deserere,
953 1161 986 1211 ut
1000 1161 1064 1212 tam
1076 1151 1168 1214 lucu·

157 1269 247 1334 lento
270 1269 318 1333 die
336 1269 368 1333 in
388 1270 509 1352 lapides
531 1291 600 1332 eum
619 1267 773 1350 patiarisll
794 1269 981 1354 inpingere,
1004 1271 1168 1354 effigiatos

158 1413 233 1454 sane
248 1402 279 1454 et
290 1401 405 1454 unctos
417 1401 448 1453 et
463 1367 651 1466 coronatos,
667 1411 739 1451 cum
751 1390 850 1460 sciastt
863 1391 954 1453 huius
966 1365 1089 1456 erroris
1100 1413 1166 1456 non

163 1511 321 1575 minorem
343 1513 383 1574 ad
406 1523 436 1573 te
459 1533 553 1597 quam
579 1514 620 1573 'ad
637 1510 740 1592 ipsum
760 1511 921 1574 infamiam
932 1522 944 1576 tt
972 1515 1164 1577 redundare.
1255 1557 1265 1576 .

161 1629 243 1695 Cum
259 1634 326 1696 hoc
341 1653 486 1695 sermone
502 1631 567 1695 eius
584 1633 719 1694 medium
732 1631 884 1715 spatiuml
898 1631 1038 1696 civitatis
1049 1631 1166 1696 emensi

155 1750 222 1813 iam
235 1751 371 1814 liberum
387 1750 461 1813 litus
475 1753 671 1814 tenebamus.
697 1751 748 1814 lbi
766 1752 892 1816 arenasl
910 1754 1062 1829 extimas,
1079 1753 1166 1818 velut

159 1881 316 1932 sterneret
328 1870 525 1944 ambulacro,
540 1873 734 1950 perfundens
745 1870 841 1937 lenistt
858 1875 941 1934 unda
954 1876 1119 1959 tendebat,
1133 1885 1165 1936 et

158 2000 193 2052 ut
208 2011 332 2070 semper
348 2010 452 2064 mare,
477 1989 572 2051 etiam
588 1988 702 2070 positis
716 1989 876 2067 flatibus,l
901 1991 1077 2077 inquietum
1096 2005 1164 2074 est,

158 2107 216 2173 etsi
234 2131 300 2173 non
314 2108 401 2172 cauis
417 2108 639 2193 spumosisque
654 2107 804 2172 fluctibus
818 2109 943 2176 exibatl
965 2115 1006 2174 ad
1023 2123 1161 2189 terram,

157 2241 260 2292 tamen
277 2227 391 2311 crispis
402 2228 587 2313 torosisque
598 2229 713 2292 ibidem
729 2228 913 2293 erroribusll
928 2230 1077 2295 delectati
1088 2255 1164 2315 per·

157 2372 250 2436 quam
267 2372 389 2425 sumus,
414 2371 483 2410 cum
498 2347 531 2411 in
554 2349 628 2432 ipso
647 2348 797 2436 aequoris
815 2349 940 2413 liminel
958 2351 1082 2431 plantas
1101 2351 1165 2414 tin·

157 2491 336 2554 gueremus,
350 2473 439 2554 quod
450 2468 594 2533 vicissim
605 2492 688 2533 nunc
701 2470 883 2552 adpulsuml
898 2469 1019 2532 nostris
1030 2470 1166 2552 pedibus

155 2590 328 2666 adluderet,
340 2590 456 2652 fluctus
467 2612 550 2651 nunc
563 2590 709 2652 relabens
721 2611 760 2651 ac
772 2586 929 2671 vesltigia
939 2590 1115 2667 retrahens,
1130 2589 1163 2653 in
1228 2595 1260 2656 3.

169 2765 578 2778 —-———-——

161 2874 275 2929 cotto.
321 2877 358 2942 Δ)
378 2828 516 2946 inspirans
537 2874 569 2928 C.
596 2873 737 2927 voluntate
757 2877 781 2928 Δ
800 2876 831 2928 B.
859 2871 1043 2945 (simulachro
1068 2879 1116 2943 Δ.)
1188 2869 1194 2873 ’
1271 2880 1279 2895 ”

160 3153 246 3207 EDD.
283 3155 319 3220 Δ)
345 3168 482 3226 vegetaret
502 3171 565 3206 cum
593 3172 635 3207 ex.
656 3172 680 3206 v.
701 3167 728 3205 et
748 3170 784 3207 m.
805 3171 831 3205 v.
849 3151 951 3205 Barth.
990 3152 1094 3206 mollis.
1120 3153 1167 3208 lv.
1265 3209 1268 3216 ,

220 3227 288 3280 MV.
318 3227 471 3282 V12.X11.
499 3229 599 3282 Cleric.
623 3226 698 3294 (bibl.
725 3227 839 3280 XXIV.
864 3246 895 3294 p.
925 3225 991 3300 124)
1017 3232 1168 3298 impressit.

221 3301 269 3354 IV.
301 3303 342 3355 M.
369 3303 401 3356 V.
432 3303 497 3354 vlt.
523 3303 589 3356 vl2.
613 3305 665 3356 XI.
689 3303 751 3356 XV.
790 3301 947 3372 Dalecamp
970 3307 1013 3368 (in
1035 3305 1166 3370 margins

221 3376 392 3446 exemplaris
410 3376 543 3428 editionis
558 3382 696 3447 principis
716 3382 747 3429 in
758 3374 925 3429 bibliotheca
937 3377 1027 3445 Regia
1040 3377 1171 3429 Liststiae

222 3457 390 3505 asservati.

159 3521 196 3588 C)
217 3456 437 3578 tundebat.)1V.
460 3527 501 3579 M.
520 3527 553 3578 V.
572 3526 637 3580 vlt.
657 3523 780 3578 medium
800 3530 920 3597 spatium
944 3530 1052 3578 emensi
1078 3527 1166 3582 xt12.

221 3603 343 3668 spatium
363 3603 472 3652 itineris
492 3601 590 3652 Heum.
613 3619 653 3672 sp.
675 3605 736 3652 viae
757 3614 784 3652 st
807 3604 926 3652 itineris.
944 3599 1059 3654 Manca.
1082 3615 1120 3654 st.
1141 3606 1165 3654 si

219 3688 277 3723 non
298 3679 376 3726 canis
390 3691 430 3745 sp.
445 3674 473 3726 fl.
487 3690 610 3740 aestuat,
632 3667 735 3744 terrant
749 3688 841 3744 tamen
859 3677 959 3746 crispis
981 3678 1166 3800 tortuosispue

221 3745 339 3809 lambit;
365 3747 502 3802 delectati.
513 3751 613 3804 Herem.
635 3748 787 3815 alluderet,
808 3765 884 3802 nune
895 3750 1087 3801 —retrahens
1132 3768 1167 3800 u-

220 3836 282 3876 etus
303 3827 332 3876 in
353 3840 411 3876 sese
431 3842 453 3880 r.
473 3823 558 3878 X112.
578 3823 798 3898 appulsim-in
819 3823 919 3876 Barth.
993 3813 997 3822 ’

157 3896 197 3964 D)
221 3894 363 4024 adpulsus.
385 3899 437 3953 111.
457 3898 591 3954 allideret.
613 3902 662 3952 tv,
682 3899 723 3953 M.
744 3899 831 3955 x111.
852 3903 896 3966 (in
913 3897 1013 3971 notis.)
1033 3895 1165 3950 alluderet

243 3987 310 4025 uetu
329 3973 411 4028 Xlll.
