2950 4492
165 1217 274 1326 s‘
352 1217 1014 1340 conuuunau1o-

630 1487 681 1528 DE

161 1603 163 1608 ⁵
263 1645 1058 1725 mmmmmumwmammm

627 1877 702 1912 tivit

141 2005 345 2068 annuuinura
357 2027 403 2070 rx.
415 2026 500 2078 onan
513 2027 663 2070 rnonnur
674 2007 949 2086 Aronoocrrcum
959 2003 1186 2074 M1uuciauun1

143 2157 210 2200 nou
238 2139 340 2196 miuus
366 2155 454 2196 auru
478 2135 772 2202 Tranunniaurum
795 2156 888 2208 onam
910 2155 998 2195 aure
1021 2132 1187 2197 Carnmur

247 2271 429 2327 hinnulum.
445 2279 616 2327 vanitati:
633 2287 808 2330 IDOLORUM
823 2285 898 2326 ESSE
914 2285 1090 2327 SCRIPTUM·
1165 2264 1169 2269 ἡ

183 2511 184 2514 “
207 2479 239 2559 1)
261 2477 472 2559 Simplicitas
488 2477 683 2552 ‘orationim
708 2475 941 2542 Ciceronianae
962 2473 1071 2563 potius
1092 2495 1188 2558 quam

145 2580 261 2642 Afrae.
309 2580 398 2658 Quae
429 2599 500 2641 cum
532 2577 646 2662 leniter
675 2589 706 2642 et
733 2577 873 2640 suaviter
894 2584 1020 2658 semper
1040 2579 1189 2647 decurrat

142 2693 173 2744 et
215 2680 375 2744 nonnullis
415 2679 448 2742 in
484 2680 567 2744 locis
601 2679 794 2744 Ciceronem
831 2689 941 2760 aperte
974 2676 1110 2754 sentiat,
1146 2700 1186 2742 nc

43 2818 49 2823 -
143 2782 245 2844 dicam
277 2781 443 2856 imitetur,
465 2788 467 2792 ’
493 2782 614 2846 maiore
650 2781 745 2844 etiam
775 2803 869 2866 quam
901 2779 1089 2842 Lactantius
1119 2779 1192 2842 iure

143 2882 362 2948 Christianus
388 2884 507 2948 Cicero
536 2883 600 2947 dici
621 2883 744 2965 poterit
771 2881 946 2950 Minucius.
996 2883 1104 2946 Fucus
1133 2905 1189 2945 au·

142 2997 205 3048 tem
250 2982 409 3049 orationis
444 2997 475 3047 et
510 2985 696 3050 subtilitatis
733 2983 921 3060 affectatio,
945 3006 1046 3068 -quae
1083 2984 1188 3050 Afros

143 3087 321 3168 scriptores
348 3107 365 3148 a
394 3085 509 3167 ceteris
539 3084 755 3176 distinguunt,
789 3085 895 3148 rarius
916 3085 950 3148 in
973 3085 1115 3152 Octavio
1140 3086 1190 3149 in-

143 3188 345 3279 veniuntur„
369 3201 463 3274 atque
491 3187 680 3274 plerumque
709 3189 844 3254 Caecilii
871 3187 905 3252 in
934 3189 1081 3254 oratione
1109 3211 1190 3274 quae

144 3290 391 3355 concinnitatem
415 3291 572 3356 sermonis
594 3303 626 3356 ct
647 3293 794 3355 subtilem
822 3289 1011 3355 varietatem
1033 3293 1091 3370 (17
1120 3292 1190 3372 D),

144 3395 320 3456 verborum
350 3391 510 3459 lenocinia
534 3395 619 3476 (E),
658 3397 836 3457 ubertatem
867 3393 1011 3469 dicendi,
1044 3392 1194 3476 argutias

146 3495 281 3580 denique
309 3507 339 3558 ct
366 3496 566 3581 eloquentiae
594 3507 753 3560 tumorem
781 3497 842 3578 (18
864 3497 917 3575 D)
945 3517 1023 3576 prae
1044 3517 1078 3558 sc
1103 3495 1194 3558 ferre

146 3599 305 3673 debebat,
343 3597 387 3660 ita
420 3609 454 3660 ut
483 3599 592 3680 plures
622 3621 639 3663 e
667 3599 777 3680 paucis
808 3588 1040 3663 vocabulorum
1069 3592 1195 3660 lusibus

146 3697 203 3784 qui
233 3697 266 3779 in
298 3709 370 3763 toto
399 3699 510 3764 libello
546 3703 847 3784 deprehenduntur,
885 3701 919 3764 in
947 3702 1009 3764 hac
1044 3699 1191 3764 oratione

147 3823 227 3886 quae
267 3801 376 3885 quinta
417 3801 484 3866 eius
518 3813 610 3886 parte
649 3804 855 3880 continetur,
899 3801 1083 3885 reperiendi
1115 3801 1207 3866 sint..

130 3903 1194 3981 ι(ἳΑ--ἸΒΕ,δῦ.1313.15Ε-·4·7ο.45ΑΒ.

149 4004 249 4086 531).
294 4005 392 4072 5413.
438 4009 477 4072 56
495 4009 550 4078 Ε.)
