2950 4492
1142 271 1180 317 xl

133 399 330 475 seruassent
349 398 383 460 et
401 395 592 480 plerumque
609 396 727 466 contra
744 394 833 458 iliius
849 381 1083 459 auctoritatem
1093 394 1181 457 reti-

134 510 296 574 nuissent.
338 508 508 595 Rigaltius
524 507 627 594 igitur
643 507 769 590 primus
779 506 977 572 Vaticanum
992 508 1026 570 et
1036 505 1182 592 Regium

134 619 283 684 codicem
294 639 391 684 unum
405 618 694 702 eundemqueesse
706 616 1043 701 compertumhabuit.
1065 613 1181 681 (luze-

35 785 42 794 .
133 733 199 796 lius
217 735 327 798 autem
347 734 381 796 et
396 725 559 796 Cellarius
570 725 649 796 MS.
661 727 776 794 Ursini
797 729 943 816 aRegio
961 727 1181 816 distinguunt.

198 839 238 918 6)
260 843 416 908 Vaticani
432 844 490 907 ilia
506 862 527 907 a
546 845 669 908 ceteris
685 841 856 908 codicibus
872 839 1061 925 diversitas,
1077 857 1181 924 prae-

133 957 231 1039 cipue
253 956 288 1018 in
310 955 395 1020 locis
416 953 612 1039 depravatis
635 974 653 1019 e
676 953 787 1048 Regio
809 952 983 1037 sanandis,
1012 970 1096 1037 quae
1118 949 1180 1014 de-

133 1070 279 1150 pravata
293 1070 330 1130 ut
344 1070 440 1152 sunt,
463 1085 481 1130 e
495 1066 607 1153 Regio
623 1067 714 1129 nullo
729 1065 827 1130 modo
841 1066 875 1128 in
890 1064 1068 1129 editionem
1084 1065 1180 1148 prin-

133 1179 241 1261 cipem
263 1179 381 1242 venire
403 1179 608 1263 potuissent,
631 1196 729 1260 quum
753 1197 797 1241 ex
817 1195 993 1260 operarum
1013 1174 1182 1240 erroribus

126 1289 242 1352 omnia
264 1288 407 1375 intelligi
428 1291 597 1371 nequeant
616 1283 668 1362 29).

197 1396 236 1473 7)
258 1394 376 1465 Codex
400 1398 531 1487 Regius
555 1397 855 1487 Langobardorum
882 1416 900 1462 e
927 1397 1121 1485 regionibus
1145 1398 1181 1459 in

134 1508 275 1577 Galliam
305 1512 417 1594 potius
447 1529 543 1594 quam
564 1511 763 1576 Vaticanum
788 1512 822 1573 in
850 1509 1083 1578 bibliothecam
1101 1507 1181 1574 belli

134 1639 217 1686 casu
227 1623 372 1708 migrare
384 1624 509 1706 potuit,
533 1639 553 1685 a
576 1622 737 1687 coenobio
755 1623 865 1685 autem
886 1618 933 1694 (v.
949 1640 1051 1703 supra
1069 1639 1100 1704 p.
1117 1617 1182 1701 V),

136 1730 294 1796 donatum
306 1751 381 1798 esse
393 1733 481 1796 hunc
493 1733 641 1798 codicem
652 1732 727 1796 ideo
740 1732 913 1815 probabile
924 1741 992 1794 non
1004 1733 1070 1812 est,
1083 1730 1183 1815 quod,

134 1846 172 1905 ut
191 1842 349 1924 diximus,
369 1845 460 1906 nulla
477 1843 512 1907 in
529 1842 593 1908 hoc
610 1845 694 1910 libro
713 1841 871 1906 donantis
886 1844 939 1906 est
956 1844 1140 1925 inscriptio.

199 1943 238 2027 8)
260 1947 376 2018 Codex
398 1951 432 2016 A
455 1954 489 2018 in
515 1957 656 2039 utraque
680 1951 825 2018 editione
847 1952 1000 2018 Romana
1026 1958 1181 2018 mustene

134 2063 348 2146 depravatus
371 2063 492 2130 dieitur
515 2068 549 2129 et
571 2067 625 2129 tot
646 2070 782 2131 scatere
795 2065 936 2130 «moedis
954 2068 1036 2153 quoi
1058 2062 1180 2128 literis.

135 2171 234 2254 Quod
262 2174 455 2260 quamquam
484 2174 528 2240 ad
549 2175 736 2243 Arnobium
759 2177 871 2259 potius
892 2176 1063 2240 referatur
1086 2193 1182 2260 quam

135 2284 179 2350 ad
207 2285 409 2372 Minucium,
437 2289 471 2350 in
499 2287 615 2352 codice
643 2287 672 2352 Β
699 2307 768 2351 ιιοιι
796 2289 845 2351 ita
873 2287 1055 2374 sehabet,
1088 2287 1183 2352 cuius

134 2395 254 2461 menda
275 2415 296 2462 a
318 2397 409 2463 sanis
431 2398 514 2464 locis
535 2400 670 2464 multum
692 2401 895 2483 superantur
914 2418 1061 2463 numero.

198 2505 360 2588 Quartum
378 2510 473 2573 immo
490 2512 588 2574 etiam
599 2510 741 2576 Minucii
753 2508 900 2576 codicem
911 2510 1034 2576 alieubi
1045 2510 1181 2572 exstare

136 2621 255 2685 coniici
276 2623 385 2704 possit

201 2727 239 2806 1)
261 2750 305 2796 ex
326 2733 497 2817 excerptis
522 2724 629 2796 MSS.
651 2733 788 2815 praeter
812 2729 961 2796 codicem
986 2724 1111 2797 Sabaei
1136 2731 1181 2795 ab

262 2841 525 2908 Elmcnborstto
555 2841 717 2924 laudatis„
754 2859 839 2926 qnae
873 2845 984 2906 tamen
1020 2844 1183 2926 excerpto

262 2956 374 3039 potius
406 2957 485 3016 sunt
516 2954 656 3019 alicuius
685 2953 759 3018 Viri
784 2953 885 3018 Docti
914 2953 1114 3017 variantium
1146 2954 1183 3016 ln

261 3063 462 3132 editionibus
481 3067 660 3130 lectionum
678 3065 888 3130 collectanea
905 3083 1003 3149 quam
1024 3065 1183 3129 librorum

261 3181 413 3242 veterum
427 3178 726 3260 manuscriptorum
739 3177 947 3240 collationes.
968 3171 1021 3241 cf.
1035 3175 1125 3240 infra
1140 3173 1182 3240 de

262 3289 430 3352 Wowerii
451 3288 579 3354 verbis

201 3396 241 3474 2)
264 3418 282 3464 e
303 3399 445 3464 Meursii
468 3399 509 3463 de
535 3396 712 3486 Scaligert
730 3397 846 3464 codice
868 3397 992 3487 verbis,
1013 3394 1055 3470 ³⁰)

138 3553 470 3564 ..u—u·—

176 3624 316 3699 29)6B.
346 3628 409 3684 oF.
439 3627 509 3683 9C.
540 3626 625 3683 1013.
657 3629 743 3681 12a.
776 3623 949 3681 tibur.
978 3622 1068 3680 250
1093 3625 1183 3682 2824.

138 3705 219 3759 500
240 3701 321 3757 5213
342 3700 772 3759 mercennariae.
810 3696 1184 3770 Videetramquaernfiue

139 3774 271 3828 editionis
293 3780 427 3846 principis
447 3775 637 3828 emendantur.

177 3855 253 3918 50)
245 3868 276 3904 ιιι
292 3849 466 3902 dedicatione
485 3852 687 3921 Excerprorum
708 3849 872 3920 exemplaris
892 3839 971 3919 Regii
988 3849 1051 3901 MSi
1077 3801 1110 3898 ad
1130 3849 1184 3900 Pa

140 3942 213 3980 trum
233 3927 402 3980 Scriverium
429 3925 517 3996 Lugd.
543 3927 606 3979 Bat.
631 3926 669 3978 cl
679 3923 711 3979 31
721 3925 871 3979 Oxcvril
917 3925 985 3976 Cum
1010 3922 1185 3974 ostenderem

139 4019 226 4071 nuper
252 4001 387 4052 criticum
413 4000 679 4072 Hypocriticnmquc
703 4017 780 4052 meos
803 3998 920 4069 Iosepho
940 4000 1087 4066 Scaligero
1104 3995 1186 4047 heroi

139 4075 366 4145 incomparabili,
400 4076 447 4127 ille
473 4084 505 4126 ut
531 4081 587 4129 scis
616 4075 736 4128 codt'cem
767 4091 846 4125 snrcm
872 4073 1001 4127 chtetiae
1030 4074 1097 4126 olim
1122 4089 1183 4124 cum
