2950 4492
14 385 28 436 y?

1110 271 1149 333 13

110 409 330 486 Tertulliano,
362 407 388 470 si
411 405 590 470 Minucium
612 404 780 487 respicias,
803 427 868 470 non
895 408 980 469 valet
1001 411 1089 491 quod
1110 412 1149 472 de

14 500 27 548 l·
108 510 256 576 Minucio
280 509 345 574 dici
366 519 490 592 potest,
513 521 733 590 argumentum
757 519 789 572 et
807 508 931 590 plenius
952 522 984 576 et
1005 511 1150 576 exactius

16 607 25 648 t
107 624 321 694 pertractasse
334 632 427 698 quam
445 609 524 672 fecit
536 608 717 691 Cyprianus
737 622 831 695 atque
846 610 973 678 idcirco
987 613 1151 695 posterio-

107 736 176 777 rem
199 736 265 777 esse
285 717 370 776 hunc
394 723 425 774 et
445 733 486 774 ex
502 711 614 794 priore
629 711 838 793 surripuisse,
856 737 936 798 quae
952 738 1054 800 neque
1069 717 1152 778 iusta

14 811 23 852 ἰ’
108 835 234 897 semper
260 827 307 878 est
336 814 503 879 conclusio
527 836 623 898 quum
646 813 811 895 posterior
832 816 976 898 scriptor
996 817 1024 880 si
1045 817 1152 899 epito-

108 928 214 980 mator
228 938 293 979 non
308 927 371 992 est,
392 916 461 998 ipse
477 915 586 997 potius
601 916 787 998 essepossit
802 917 929 999 plenior
943 929 974 981 et
988 919 1150 984 exactior.

173 1019 275 1082 VIII.
321 1018 472 1082 Minucii
487 1039 636 1101 magnus
651 1039 729 1080 cum
743 1018 878 1083 Ius'tino
893 1031 925 1082 et
940 1021 1055 1084 ceteris
1071 1043 1152 1104 apo·

109 1119 229 1204 logetis
253 1119 378 1202 graecis
399 1120 465 1183 eius
482 1119 654 1202 temporis,
676 1131 744 1182 tum
764 1120 890 1184 ratione
911 1123 1062 1199 docendi,
1085 1135 1152 1186 tum

109 1221 352 1304 argumentandi
368 1223 408 1299 18)
428 1233 460 1283 et
484 1220 709 1283 calumniarum
730 1242 916 1285 consensus
942 1245 984 1287 ex
1005 1247 1071 1308 quo
1095 1247 1153 1290 eos

14 1319 17 1366 l
108 1322 197 1386 circa
232 1326 340 1385 eadem
373 1333 520 1404 tempora
551 1333 582 1384 et
613 1321 732 1384 vixisse
766 1333 797 1384 et
826 1321 993 1404 scripsisse
1026 1325 1153 1411 colligit

108 1422 225 1488 Daniel
253 1445 315 1486 van
338 1424 457 1487 Hoven
484 1422 518 1485 in
540 1445 593 1505 ep.
618 1425 658 1484 ad
683 1424 787 1486 Gerh.
810 1424 1015 1502 Meermann,
1050 1427 1153 1491 Lind-

109 1524 181 1588 ueri
203 1525 339 1588 editioni
360 1525 495 1587 adiecta.

173 1629 239 1690 IX.
283 1629 313 1690 Ε
337 1639 466 1708 septem
482 1625 676 1700 Lactantii,
699 1627 911 1712 Hieronymi
933 1642 967 1690 et
988 1633 1154 1695 Eucherii

110 1727 191 1791 locis
207 1748 286 1812 qnae
305 1728 375 1790 sola
388 1727 585 1812 antiquitatis
601 1729 638 1789 de
654 1726 804 1791 Minucio
822 1728 1002 1794 testimonia
1018 1745 1153 1808 exstant,

110 1830 231 1910 colligi
251 1830 372 1910 potius
390 1841 507 1912 potest
524 1829 722 1892 Minucium
747 1832 964 1895 Tertulliano
987 1836 1156 1898 maiorem

108 1951 183 1994 ease
204 1951 299 2013 quam
321 1929 489 1993 minorem.
950 1951 952 1955 ·

173 2033 256 2114 Nam
284 2030 313 2093 si
340 2029 374 2092 in
401 2031 552 2113 catalogo
584 2030 730 2094 virorum
762 2033 931 2097 illustrium
954 2039 1002 2115 (v.
1027 2050 1096 2102 not.
1123 2041 1155 2118 1)

110 2136 149 2196 ab
164 2133 383 2218 Hieronymo
401 2131 565 2195 Minucius
584 2132 711 2216 quintus
733 2147 808 2216 post
826 2137 1059 2201 Tertullianum
1082 2163 1156 2204 cen·

110 2246 197 2298 setur
216 2244 309 2319 atque
328 2233 402 2298 ideo
422 2233 578 2297 intereos
595 2234 651 2318 qui
667 2235 813 2317 Septimii
832 2239 946 2302 Severi
965 2241 1059 2303 aetati
1076 2265 1156 2323 pro·
1197 2224 1208 2235 ,

111 2335 190 2399 nimi
208 2336 354 2412 fuerunt,
378 2339 417 2399 ab
437 2335 475 2399 iis
492 2335 548 2421 qui
566 2358 608 2399 ex
625 2338 689 2399 hoc
708 2337 893 2402 testimonio
911 2341 1051 2405 Minucii
1071 2355 1157 2406 aeta·

109 2449 171 2501 tetn
188 2441 378 2513 effecerunt,
401 2449 604 2501 numeratur:
628 2475 669 2484 -
691 2443 805 2502 eodem
824 2440 857 2502 in
872 2443 1023 2526 catalogo
1038 2444 1158 2526 Papias

109 2561 241 2624 quoque
263 2551 338 2621 post
363 2540 583 2621 Polycarpum
606 2541 799 2603 nominatur.
843 2543 994 2606 Irenaeus
1019 2547 1075 2629 qui
1098 2551 1156 2610 sub

112 2641 297 2706 Coiumodo
314 2641 432 2704 vixisse
448 2640 581 2715 dicitur,
605 2653 681 2722 post
696 2641 868 2706 Victorem
884 2643 940 2728 qui
955 2648 1013 2707 sub
1032 2649 1155 2713 Severo

110 2740 218 2818 vixit,‘
239 2779 279 2790 -
311 2745 468 2816 Rhodon,
506 2742 646 2827 aequalis
664 2735 847 2807 Commodo
871 2757 903 2808 et
929 2748 1053 2812 Severo
1081 2764 1157 2830 post

110 2847 309 2909 Pantaenum
331 2843 386 2928 qui
402 2847 459 2906 snb
477 2845 599 2908 Severo
619 2855 650 2906 et
666 2844 834 2909 Caracalla
855 2847 988 2925 claruit,
1011 2886 1052 2896 —
1076 2852 1158 2914 Mit-

109 2945 212 3008 tiades
236 2945 291 3030 qui
313 2948 367 3008 Μ.
387 2941 545 3008 Antonini
568 2955 599 3008 et
616 2945 791 3010 Commodi
812 2950 1014 3030 temporibus
1035 2953 1158 3016 adscri-

111 3047 216 3122 bitur,
245 3059 322 3127 post
345 3047 543 3111 Clementem
567 3047 608 3108 A.
632 3083 674 3092 -
696 3048 881 3111 Heraclitus
904 3051 1055 3136 deniqne,
1082 3055 1158 3116 Ma·

112 3149 215 3212 ximus
250 3161 281 3211 et
311 3148 491 3224 Candidus,
527 3152 584 3212 sub
616 3149 800 3213 Commodo
835 3163 866 3213 et
895 3154 1019 3218 Severo
1049 3157 1156 3239 Impp.

86 3331 90 3339 .
112 3263 187 3332 post
204 3250 440 3333 Theophilum,
463 3250 660 3330 Bacchylum
678 3263 709 3315 et
726 3252 951 3332 Polycratem,
975 3255 1030 3340 qui
1052 3268 1157 3321 tamen

112 3355 235 3417 Severo
259 3353 330 3416 solo
355 3352 532 3436 imperante
555 3353 723 3446 vyixerunt,
754 3343 1080 3421 secundum'eundem
1102 3381 1155 3423 ca-

152 3559 200 3638 18)
220 3567 342 3636 Excepta
361 3581 454 3618 tamen
475 3565 522 3618 illa
544 3583 627 3638 quam
655 3583 736 3640 supra
762 3573 920 3621 notavimus
947 3571 1157 3641 argumentandi

114 3645 222 3693 ratione
251 3645 344 3712 potins
369 3641 508 3693 rhetorica
527 3657 561 3710 let
588 3642 721 3694 historica
746 3659 827 3712 quam
854 3643 1064 3715 philosophiea3
1089 3647 1158 3700 haee

113 3715 244 3769 Minucio
265 3731 330 3766 cum
350 3716 472 3786 patribus
493 3717 601 3768 Latinis
624 3723 782 3770 communis
809 3733 865 3781 est,
895 3733 926 3770 ut
952 3723 1000 3788 qui
1023 3737 1080 3772 non
1103 3737 1158 3775 tam

113 3794 143 3840 in
157 3789 335 3861 philosophia
347 3805 428 3860 quam
447 3795 476 3842 in
491 3791 620 3844 lCtornm
638 3808 664 3844 et
682 3793 834 3846 Rhetorum
851 3799 1004 3865 praeceptis
1018 3793 1164 3852 discendis·

114 3863 301 3934 docendisque
320 3881 433 3934 operam
453 3882 601 3936 posuerant
622 3867 742 3934 (Meier‚
763 3887 789 3940 p.
811 3866 870 3940 59).

170 3937 225 3993 Sed
250 3943 307 3991 iam
331 3937 366 3990 ad
386 3953 481 3992 notam
504 3939 534 4014 8)
559 3955 672 3994 notatus
702 3958 743 3996 est
768 3941 814 3994 ille
830 3945 953 3996 Minucii
971 3959 1034 3998 cum
1054 3951 1158 4017 graecis

115 4011 238 4087 patribus
270 4017 300 4066 in
328 4013 559 4086 philosophorum
591 4021 735 4071 sententiis
765 4016 917 4070 verioribus
946 4035 961 4070 a
991 4021 1158 4075 revelatione

115 4087 223 4155 divina,
244 4092 300 4142 sive
320 4103 334 4140 a
357 4088 519 4144 ludaeorum
537 4089 616 4146 libris
633 4095 718 4144 sacris
739 4090 895 4147 derivandis
915 4109 1074 4150 consensus.
