2950 4492
312 319 387 365 xxi!

313 442 512 526 arpumeuti
526 437 695 525 diulopus.
714 437 766 504 M.
779 436 830 503 Μ
841 435 885 504 F.
900 434 939 503 0.
956 434 1204 506 Geoerlrardus
1218 437 1363 502 Elmen-

311 551 408 616 horst
449 555 624 616 recensuit
651 546 693 626 ¹⁵)
727 556 763 615 et
795 554 890 615 nolte
921 549 1123 615 illustrauit.
1155 549 1361 640 Heliconiae,

314 667 407 751 tppis
438 661 676 730 Wecneuanu
697 659 835 737 (Mart.)
853 657 1030 728 nuclei.
1073 657 1128 727 8⁰.

521 769 574 840 Cf.
596 773 781 858 Epistolam
802 771 979 858 Scaliperi
995 775 1034 837 11·
1053 773 1094 837 B.
1120 767 1237 837 1603.
1270 772 1376 848 Non„

457 887 530 950 Iun.
574 885 698 951 Laudo
720 884 811 968 qscod
838 885 1021 950 cerealium
1043 885 1085 948 de
1108 885 1259 948 editione
1281 883 1360 949 Mi-

455 1002 551 1062 nucii
570 996 746 1082 abiecisti3
768 1001 880 1082 mopis
899 995 1100 1083 laudarem,
1123 999 1155 1060 si
1177 1000 1213 1060 et
1231 995 1359 1060 simul-

457 1112 568 1173 tatem
600 1127 753 1198 quoque,
787 1107 894 1196 pund,
928 1127 1003 1197 oro,
1034 1105 1152 1191 facias
1185 1109 1221 1171 et
1252 1125 1357 1195 pram

455 1225 607 1306 primum
625 1239 703 1284 cum
717 1221 886 1284 Wowero
902 1225 941 1284 in
958 1224 1113 1305 pralium
1129 1219 1254 1283 redito.
1277 1215 1357 1304 lpse

466 1337 518 1417 te,
541 1330 631 1420 puod
654 1349 783 1417 nepare
808 1350 878 1395 non
901 1334 1018 1418 potes,
1049 1334 1300 1418 cicumeat,
1327 1335 1361 1395 ei

462 1469 583 1515 certem
601 1470 672 1516 non
688 1453 809 1538 colisti⁷
832 1454 944 1513 etium
957 1464 1074 1510 rerum
1091 1465 1157 1510 usu
1170 1443 1358 1508 antecedit.

462 1559 508 1627 Si
536 1567 611 1647 ipse
640 1566 678 1627 in
706 1561 758 1625 M.
788 1560 832 1625 F.
861 1560 913 1623 ed.
940 1557 1075 1623 nnllam
1094 1556 1158 1621 tibi
1183 1558 1227 1620 de
1247 1571 1359 1650 messe

457 1692 523 1738 sna
552 1676 686 1757 spicam
715 1670 913 1758 reliquerit,
942 1671 1025 1758 qnid
1048 1674 1224 1757 superest,
1254 1685 1359 1755 quum

376 1791 383 1802 “
455 1790 497 1850 ut
518 1781 582 1847 linc
611 1787 740 1847 conatu
769 1779 1028 1875 supersedeas?
1070 1777 1142 1847 Sed
1166 1781 1270 1843 mulia
1294 1796 1357 1840 su-

454 1897 613 1979 pererant
641 1893 814 1977 iaciendo,
851 1911 935 1978 quse
964 1891 1093 1977 quidem
1121 1909 1190 1954 non
1211 1888 1358 1972 perfecit

454 2005 721 2070 Elmenhorstius
753 2003 965 2068 nihilominus
998 2003 1176 2068 editionem
1211 2016 1357 2084 parans,

455 2119 606 2202 quemvis
626 2119 729 2182 mulio
752 2136 771 2182 e
793 2137 855 2182 suo
878 2134 967 2200 penu
989 2108 1183 2198 prodiderit.
1213 2100 1223 2112 ’

368 2226 412 2304 2]
434 2229 485 2295 Μ.
497 2229 548 2293 Μ.
561 2227 605 2292 F.
621 2224 661 2294 ⁰.
670 2225 755 2296 Gen.
766 2228 984 2294 Eimenhorst
992 2229 1166 2290 recensuit
1178 2228 1214 2289 et
1225 2224 1351 2290 librum

305 2345 591 2410 commentarium
613 2341 759 2428 adjecit,
782 2339 826 2405 A.
850 2337 932 2407 cir.
959 2329 1088 2405 uiuri
1096 2333 1208 2404 OXH
1223 2333 1252 2420 f.

367 2451 412 2517 A.
436 2455 468 2517 d.
492 2474 524 2516 u.
545 2474 577 2539 p.
601 2454 624 2518 l.
655 2450 731 2517 VH.
755 2451 796 2519 G.
816 2453 859 2517 Ε.
882 2451 1021 2516 collatis
1047 2452 1194 2516 diversis
1217 2449 1349 2514 codici-

304 2568 365 2634 lus
382 2563 438 2654 (.),
453 2571 629 2632 recensuit
643 2571 679 2630 et
693 2563 990 2632 obseruationibus
1006 2562 1207 2628 illustravit.
1231 2557 1351 2624 Ham-

303 2679 402 2764 burpi
420 2673 636 2744 cioiecX.
650 2675 678 2762 f.
694 2707 735 2718 -
751 2675 882 2742 Lector
903 2682 1025 2740 amice.
1043 2670 1146 2739 Scito
1161 2691 1215 2736 me
1229 2678 1267 2736 in
1281 2669 1349 2735 hac

301 2809 392 2855 rrooa
413 2788 563 2855 Autolii
582 2793 782 2854 recensione
804 2786 1018 2852 recensenda
1038 2791 1225 2872 praecipue
1248 2802 1349 2848 curem

225 2891 231 2904 '
287 2903 417 2966 codice
433 2897 473 2975 (l)
488 2905 624 2965 uetusto
640 2897 826 2963 Francisci
840 2896 977 2963 Sabaei
993 2895 1180 2984 Brixiam,
1203 2894 1348 2982 Romae⁷

281 3033 333 3090 a.
358 3006 606 3078 eteruisti!
625 3016 792 3096 impresso
813 3005 863 3084 16).
918 3005 983 3073 Ubi
1013 3011 1044 3072 is
1073 3011 1255 3094 cormrptus
1283 3010 1349 3071 aut

299 3123 484 3188 mendosus
489 3172 499 3210 7
523 3123 572 3186 ad
585 3127 753 3208 eucerpta
765 3117 885 3187 MSS.
898 3115 940 3194 (l)
955 3123 991 3183 et
1002 3121 1182 3183 doctorum
1193 3123 1347 3182 uirorum

300 3234 560 3300 emendationes
582 3230 739 3321 eorcfinpi,
767 3235 984 3318 optimusque
1009 3249 1055 3294 ecc
1077 3229 1148 3296 illis
1170 3230 1346 3315 desumpsi

299 3348 335 3410 et
349 3349 466 3412 teatui
476 3341 679 3411 Arnoliano
686 3395 696 3434 ,
720 3361 928 3432 quampiam
942 3361 1025 3407 raro
1040 3345 1174 3406 tresenti
1186 3336 1266 3418 ¹⁷⁸),
1280 3359 1347 3403 ra·

335 3669 383 3732 15)
404 3661 561 3716 Secundum
578 3663 720 3720 Wowerii
737 3661 905 3728 editionem,
932 3665 988 3715 exc.
1010 3664 1071 3719 5F.
1105 3665 1141 3722 16
1156 3666 1189 3718 D.
1223 3667 1258 3721 ‘25
1280 3661 1344 3713 iB.

295 3739 332 3798 5'4
346 3739 384 3803 E,
404 3740 450 3790 ubi
470 3753 588 3809 quatuor
602 3743 706 3809 priores
723 3736 875 3802 editiones,
894 3739 958 3794 9Β.
980 3741 1013 3792 11
1028 3739 1067 3803 Ε,
1088 3739 1136 3792 ubi
1150 3741 1246 3792 Ursini
1267 3753 1344 3788 mar-

295 3813 418 3884 ginalia,
440 3815 507 3877 21⁴¹,
530 3812 576 3864 ubi
593 3813 742 3866 Geleniunr
762 3828 789 3865 et
810 3811 990 3874 soldanum,
1014 3814 1067 3872 50
1088 3814 1136 3866 ubi
1158 3831 1215 3868 tres
1236 3817 1344 3885 priores

193 3887 196 3893 '
295 3885 433 3941 editiones
446 3903 554 3940 secutus
566 3904 617 3952 est,
633 3893 661 3938 in
673 3885 845 3941 eololoeolri
855 3890 1249 3942 BverocodicieBlectionem
1262 3903 1344 3958 quam

294 3963 471 4018 inWonerii
486 3967 560 4014 notis
574 3962 699 4023 videbam
720 3970 756 4023 30
764 3964 796 4015 C.
817 3967 854 4043 pi
870 3965 893 4015 D
907 3979 971 4015 vero
985 3969 1176 4017 coniecturam
1190 3968 1271 4014 ausus
1286 3976 1340 4014 est.

333 4035 466 4108 16)2F.
501 4045 536 4094 10
557 4041 590 4090 D.
624 4040 660 4095 18
681 4039 707 4090 F.
739 4039 775 4095 26
794 4037 828 4088 B.
857 4039 984 4094 uer.
1015 4040 1050 4094 29
1071 4043 1104 4092 Δ.
1136 4047 1169 4099 51
1190 4040 1223 4091 Β.
1254 4041 1291 4094 52
1311 4037 1342 4088 1².

294 4113 330 4169 55
352 4113 385 4164 Δ.
419 4115 454 4170 55
476 4114 505 4168 F.
539 4114 574 4172 36
594 4115 627 4166 B.
660 4115 696 4169 57
716 4114 749 4165 Β.
781 4115 818 4168 58
838 4115 936 4203 BHM
957 4115 989 4166 A.
1015 4110 1051 4172 47
1072 4114 1103 4165 Α.
1132 4119 1165 4173 51
1189 4115 1220 4166 Δ.
1251 4113 1288 4169 55
1309 4113 1342 4164 A.
