2950 4492
1156 195 1196 259 x]

108 341 263 390 oratur.
282 333 448 401 -Quanta
464 328 550 396 vero]
566 320 686 396 Quanto
703 324 815 379 verius.
827 352 865 365 -
879 321 913 380 C.
930 328 1054 396 norunt]
1068 324 1192 384 rodunt.

109 463 156 482 -ι-
176 433 339 504 tumetis]
352 429 480 505 tergitie.
493 426 571 484 -P.
584 429 629 484 64.
645 425 680 482 E.
705 433 818 496 mrctta,
827 425 844 457 Ρ
859 430 961 497 etiam]
978 426 1087 496 multa,
1101 429 1195 486 multa

114 539 251 596 etiam.
267 563 304 580 ···
316 533 351 592 F.
364 541 460 589 visere
468 552 478 592 ,-
496 539 605 602 estque
621 531 702 600 viro]
720 528 818 588 visere
832 540 893 597 est3
909 529 1055 605 quaedam
1067 533 1146 588 viro.
1158 563 1195 577 -

114 640 161 698 Β.
183 651 227 698 et
245 637 394 714 perditae]
417 653 452 691 ac
467 633 613 709 perditae.
632 663 660 676 ·-
679 632 713 690 P.
736 635 783 689 65.
802 633 840 688 A.
866 639 1005 688 ciuitates
1025 640 1194 706 proximae]

120 745 289 802 civitates
312 744 384 810 (err.
408 741 542 812 typogr.)
569 765 605 778 -
628 735 662 793 Ρ.
684 739 729 793 66.
754 734 794 791 D.
816 754 885 808 φησι
899 737 1128 809 postulaverant
1147 742 1196 793 de·

118 847 357 918 triumphatos]
383 839 463 917 quod
484 837 728 915 postulaverant,
753 838 789 894 de
809 840 1011 914 triumphatis.
1037 869 1069 882 -·
1089 839 1124 896 P.
1145 842 1191 896 67.

122 949 172 1006 A.
190 945 506 1015 severana-iuverant
521 947 592 1012 (err.
610 948 746 1018 typogr.)
761 972 799 988 ···
813 941 850 998 B.
866 954 894 997 et
908 947 994 1015 qnae]
1008 953 1044 998 ut
1055 961 1143 1018 quas.
1157 971 1195 987 ·-

110 1050 170 1109 P.
202 1054 254 1106 68.
272 1049 307 1108 Ε.
327 1048 581 1116 solemnisrunum]
604 1045 793 1102 solistimum.
813 1074 849 1088 -
868 1045 902 1100 F.
925 1048 1111 1116 reipublr'cae]
1131 1045 1196 1104 Ro·

126 1154 231 1210 mani
243 1151 357 1227 populi.
375 1177 406 1196 ι-
425 1150 461 1212 Ρ,
480 1153 527 1206 69.
542 1150 580 1206 A.
596 1147 699 1206 Codex
716 1147 830 1224 Regius
844 1145 1095 1217 babetnu‘racult,
1114 1166 1194 1205 none

87 1307 89 1314 .
131 1259 310 1310 miraculis.
326 1283 356 1299 -·
372 1251 409 1312 B.
430 1251 593 1321 Sostbenes]
616 1251 779 1308 Hostanes.
804 1283 835 1296 -
857 1256 1097 1320 contremescunt]
1119 1269 1198 1308 eou-

130 1357 336 1414 tremiscant.
353 1385 390 1400 ·-
407 1355 442 1414 P.
458 1356 506 1412 70.
521 1354 560 1409 D.
582 1374 619 1410 ex
637 1376 692 1426 qua
705 1354 722 1388 ⁴⁸
735 1366 832 1409 monet
853 1361 942 1410 etiam
958 1373 1012 1410 nas
1027 1344 1198 1427 proc'upt'dt‘·

134 1476 214 1514 nem
233 1460 292 1528 (sic
313 1457 387 1514 Cod.
402 1456 513 1532 Reg.)]
538 1474 580 1518 ex
594 1475 654 1530 quo
675 1466 776 1512 movet
795 1457 885 1513 etiam
899 1457 932 1513 in
945 1475 1002 1514 nos
1014 1455 1197 1532 procupedi-

130 1579 229 1616 nem·
244 1591 274 1602 -
292 1560 368 1626 tati]
383 1554 476 1612 illabi.
495 1589 524 1600 -
536 1555 578 1614 Ε.
591 1558 708 1623 Magis]
726 1554 861 1626 aMagis.
878 1584 908 1595 -
918 1557 985 1608 dum
998 1561 1195 1629 inspirantur]

135 1662 231 1719 diem
251 1665 324 1729 (err.
346 1662 482 1734 typogr.)
500 1657 660 1731 inspirant.
676 1685 704 1695 -
719 1654 753 1712 Ρ.
774 1656 819 1710 71.
842 1653 880 1709 A.
898 1653 915 1685 ⁹
935 1660 1045 1738 onnes]
1063 1675 1195 1715 somnos.

139 1800 175 1812 -
203 1761 237 1820 C.
256 1768 401 1833 plerique,
421 1780 494 1831 pars
516 1760 658 1832 vestrum]
677 1758 813 1834 plerique
829 1768 973 1814 vestrum.
990 1759 1070 1832 -,Ρ.
1094 1761 1140 1816 73.
1160 1761 1195 1818 Ε.

139 1874 173 1922 sl
189 1870 251 1940 qui]
262 1864 289 1920 si
302 1865 381 1940 quis.
399 1893 429 1904 -
443 1862 477 1922 Β.
493 1865 630 1932 omnium]
645 1861 809 1918 hominum.
821 1895 853 1906 ·-
867 1860 900 1918 P.
912 1851 960 1919 74.
973 1861 1008 1920 C.
1021 1869 1072 1920 vel
1080 1867 1194 1934 Epona]

142 1967 269 2044 Epona.
286 2001 316 2016 -
328 1965 367 2024 D.
379 1967 545 2038 devoratis]
561 1963 719 2022 devotatis.
730 1964 805 2021 -Ε,
818 1984 880 2018 crem
886 1967 1030 2041 plerisque
1036 1968 1195 2042 vobiscum]

143 2087 221 2126 cum
237 2068 388 2145 plerisque
409 2080 440 2124 et
452 2066 619 2127 vobiscum.
641 2067 699 2137 (Ex
711 2085 815 2143 propr.
836 2068 916 2122 coni.
937 2068 1096 2124 Fortasse:
1120 2089 1198 2124 ccm-

143 2176 302 2244 pluresque
323 2174 493 2241 vctircum.)
516 2205 550 2217 -
571 2145 607 2226 F.
629 2175 871 2238 contremescunt]
894 2171 1139 2227 contremiseunt.
1166 2203 1196 2218 ι-

146 2275 185 2331 Ρ.
208 2275 254 2331 75.
276 2272 312 2330 Β.
335 2283 371 2328 ni.
388 2295 417 2327 se
439 2277 509 2328 mali
524 2277 688 2348 facinoris]
712 2274 744 2329 in
763 2292 811 2341 se,
829 2274 969 2348 pessimi,
989 2273 1143 2329 facinoris.
1163 2310 1192 2322 -

118 2437 123 2440 ¹
147 2377 187 2433 P.
209 2377 255 2433 77.
281 2374 315 2433 C.
342 2375 497 2449 sacrificii]
520 2375 687 2433 sacrificiis
712 2411 741 2422 -
762 2352 807 2432 Ρ.Ι
822 2377 868 2432 78.
893 2375 929 2431 Ε.
952 2380 1118 2447 aversione]
1144 2377 1197 2435 ad-

150 2480 319 2554 spersione.
338 2514 367 2524 -
383 2479 421 2533 A.
437 2480 579 2548 Athenis]
593 2476 838 2535 Atheniensibus.
856 2509 885 2520 —
905 2477 939 2534 C.
950 2468 1092 2552 promisce
1110 2499 1198 2549 spar-

116 2636 118 2646 ,
151 2585 241 2654 gitis]
262 2579 414 2655 spargitis.
433 2581 505 2649 (err.
523 2583 658 2654 typogr.)
674 2614 702 2624 -
719 2580 753 2635 P.
773 2583 820 2641 79.
835 2581 873 2636 D.
890 2583 1063 2652 cupiditate]
1082 2583 1199 2657 cupidi-

151 2695 304 2740 tatem..·-
321 2680 356 2736 P.
374 2681 419 2736 79.
434 2678 467 2735 F.
477 2679 650 2752 fastidiosi]
666 2680 796 2737 factiosi.
816 2714 845 2724 -
863 2704 948 2747 unum
962 2684 1079 2760 bonum]
1092 2702 1195 2741 unum.
1289 2725 1297 2743 .

153 2816 187 2832 ....
207 2783 242 2841 Β.
266 2784 423 2854 praestat]
442 2792 567 2857 perstat.
589 2811 617 2820 -
629 2757 725 2840 Pi'80.
742 2783 777 2839 Ε.
793 2789 889 2854 immo]
904 2786 975 2840 imo.
991 2817 1020 2827 -
1033 2786 1067 2841 F.
1082 2798 1205 2843 senten-⁴,

156 2891 211 2957 tta]
226 2885 422 2942 conscientia.
437 2922 465 2932 -
483 2887 547 2940 Deo
562 2891 718 2956 supplicat]
732 2887 864 2943 Domino
877 2888 1036 2964 supplicat.
1055 2923 1083 2933 -
1099 2889 1133 2946 P.
1150 2896 1194 2948 81.

157 2989 190 3046 G.
208 2990 313 3058 oculis]
335 2985 451 3044 oeulos.
473 3025 501 3034 -
524 2987 558 3043 P.
576 2993 621 3044 82.
636 2987 672 3046 B.
694 3002 726 3044 ut
738 2995 839 3063 prope]
866 3009 971 3065 prope.
988 2992 1076 3070 s·—C.
1092 3003 1199 3048 nonin

157 3097 255 3160 saltem]
275 3110 339 3148 non
357 3091 455 3148 solum
472 3091 514 3146 in.
531 3119 564 3130 -
576 3091 615 3146 D.
635 3098 769 3164 qrcamdiu
786 3095 893 3165 [enim]
910 3115 971 3148 erem
986 3100 1076 3164 caete]
1095 3114 1201 3171 quam·

159 3193 205 3250 diu
232 3204 324 3250 caste.
357 3230 386 3240 -
412 3197 576 3262 coluerunt]
610 3195 768 3251 coluerant
800 3200 870 3266 (err.
897 3197 1054 3272 typogr.?)
1084 3231 1113 3241 -
1145 3200 1203 3252 ob-'

160 3300 453 3368 obtemperaverunt]
500 3294 781 3372 obtemperaverant
839 3304 916 3369 (err.
962 3300 1123 3375 typogr.?)
1161 3331 1198 3343 -

161 3401 334 3468 obruerunt]
372 3396 537 3456 obruerant
563 3399 646 3473 (err.
678 3413 800 3476 typogr.
814 3402 848 3469 t)
879 3433 916 3444 -
941 3401 975 3457 Ρ.
1012 3404 1058 3456 83.
1082 3400 1121 3456 Α.
1148 3420 1199 3454 sno

161 3503 608 3577 captos1suoessecaptos.-
629 3501 664 3559 B.
673 3506 811 3578 fontium
831 3508 920 3557 dulcis
940 3522 1014 3574 aqua
1031 3508 1127 3555 maria
1147 3524 1201 3557 nn·
1275 3573 1280 3583 Ι

163 3601 272 3674 eruet]
294 3601 423 3660 fontium
446 3605 527 3661 dulci
554 3623 632 3682 aqua
658 3608 788 3662 marisve
808 3606 928 3662 nutriri.
951 3639 980 3648 -
997 3606 1031 3662 C.
1061 3611 1199 3662 inundare
1271 3634 1273 3637 ·

129 3739 132 3744 -
164 3705 239 3776 dicit]
259 3695 417 3762 inundare.
441 3736 470 3747 -
493 3708 528 3764 P.
548 3712 592 3764 811.
616 3710 653 3765 A.
668 3718 780 3763 mimico
794 3711 887 3781 vitio]
903 3709 985 3765 mimi
1002 3710 1153 3766 convicio.
1165 3741 1200 3755 -

163 3803 193 3861 B.
209 3817 242 3860 ut
253 3809 391 3878 primurn]
407 3819 437 3864 et
449 3812 579 3884 primum
597 3815 667 3882 (err.
684 3815 818 3888 typogr.)
829 3792 862 3852 ὲ
879 3811 913 3868 Ρ.
930 3813 976 3871 85.
990 3815 1081 3884 sicut]
1098 3792 1197 3868 sicuti.

166 3939 189 3950 -
210 3907 245 3966 E.
272 3912 444 3980 meditetur]
481 3913 642 3971 meditatur
676 3917 746 3986 (err.
771 3918 908 3991 typogr.)
929 3946 961 3956 -
985 3914 1020 3973 B.
1051 3917 1200 3987 homines]
