2950 4492
289 261 339 308 llll

352 377 393 456 3)
415 395 434 447 e
452 374 658 448 Ooooobono
673 372 945 455 (adsuetcaes.
958 375 1024 454 10)
1035 377 1184 446 codicem
1193 380 1341 449 Minucii

415 491 595 558 laudantez
626 489 688 556 sed
712 510 823 576 neque
850 493 1028 557 lectionem
1049 511 1070 558 a
1095 494 1218 559 ceteris
1239 493 1340 560 codi-

416 605 512 672 cibus
539 604 726 669 variantem
755 621 863 688 neque
889 605 1000 685 locum
1020 606 1055 668 in
1077 623 1143 689 quo
1166 607 1341 690 exemplar

416 715 481 782 hoc
509 715 650 781 Minucii
685 715 792 780 lateat
817 709 1037 782 casaubonus
1070 718 1184 803 notat,
1223 718 1341 781 itaut

418 825 575 894 videatur
603 825 830 892 tantummodo
855 826 1054 917 designasse
1076 826 1224 893 codicem
1246 829 1340 892 illum

418 937 643 1005 Parisiensem
677 956 774 1023 quem
809 939 979 1006 vocabant
1013 942 1146 1005 unicum
1178 941 1213 1004 ot
1242 958 1340 1026 quem

418 1051 539 1116 afferre
574 1051 688 1116 maluit
730 1069 827 1136 quam
859 1050 1037 1117 editionem
1067 1053 1210 1136 aliquam
1249 1050 1339 1117 hunc

419 1161 570 1228 codicem
589 1165 698 1226 minus
719 1164 878 1228 accurate
904 1161 1126 1228 exhibentem.

357 1271 396 1349 4)
420 1293 463 1338 ex
494 1275 536 1337 iis
562 1292 648 1358 quae
681 1272 722 1338 de
758 1269 906 1338 anttert
938 1272 1053 1357 codice
1086 1277 1204 1339 vetere
1226 1274 1338 1359 aliquo

420 1383 576 1450 dicuntur
593 1383 649 1460 (ad
664 1381 718 1448 24
731 1380 797 1468 A),
817 1385 911 1450 cidus
929 1383 1060 1470 quidem
1072 1386 1237 1451 lectiones
1255 1405 1340 1470 pro-

419 1497 510 1562 latae
533 1495 683 1562 codicum
704 1499 894 1561 nostrorum
915 1497 997 1560 nulli
1019 1498 1233 1561 conveniunt.
1267 1491 1341 1564 Sed

421 1627 519 1694 quum
530 1608 638 1674 codex
652 1609 682 1671 is
695 1608 788 1671 nullo
802 1606 900 1672 modo
915 1606 1136 1697 describatur,
1152 1627 1221 1672 non
1233 1608 1342 1671 minus

420 1721 579 1804 suspecta
590 1718 674 1784 haec
685 1722 764 1783 sunt
776 1738 871 1803 quam
883 1722 997 1784 cetera
1008 1719 1050 1783 de
1062 1717 1342 1784 codicibusdiota.

359 1829 398 1904 5)
420 1831 595 1896 electione
612 1807 684 1894 ion
702 1829 804 1894 Docti
819 1847 841 1893 a
863 1825 1076 1914 Woplocueio
1090 1840 1115 1892 ¹e
1132 1827 1233 1892 Miso.
1252 1829 1343 1894 obss.

424 1937 540 2007 1734.
557 1940 598 2006 V.
614 1940 673 2004 [v.
691 1959 723 2024 p.
741 1936 820 2004 423
838 1938 882 2004 ad
904 1936 958 2003 40
979 1937 1010 2003 ld
1028 1924 1182 2003 adducta
1208 1938 1343 2002 credite

419 2049 548 2142 fissia,
571 2053 700 2135 quaesi
716 2069 734 2116 e
760 2053 943 2135 scriptione
962 2052 1138 2115 contracta
1155 2046 1341 2132 codicisB,

422 2165 478 2249 qui
500 2164 639 2228 verbum
658 2161 903 2247 confitentibus
921 2165 1075 2226 omissum
1091 2161 1201 2225 lineae
1219 2178 1342 2244 super-

421 2275 568 2340 scribere
602 2273 732 2362 debuit,
765 2276 824 2339 aut
857 2292 876 2338 e
907 2270 1026 2338 mendo
1056 2273 1167 2356 aliquo
1197 2270 1342 2360 intelligi

422 2387 552 2471 nequit,
575 2389 727 2471 quartum
749 2387 842 2450 certe
863 2384 976 2474 arguit
998 2381 1155 2480 codicem.

360 2494 449 2577 Quid
478 2515 561 2561 vero
589 2497 652 2562 sibi
676 2496 783 2561 velint
809 2493 978 2561 Wotoertt
999 2496 1105 2560 verba
1127 2492 1169 2558 de
1191 2493 1341 2578 pluribus

296 2612 432 2693 praeter
465 2606 613 2673 codicem
641 2606 787 2696 Regium
818 2607 912 2672 libris
939 2597 1229 2690 (manuscriptisl)
1258 2623 1342 2688 quos

297 2718 420 2786 Petrus
441 2721 563 2784 Daniel
579 2717 720 2798 viderit,
742 2719 908 2782 nonsatis
922 2719 1044 2803 liquet,
1067 2734 1164 2801 quum
1177 2717 1341 2781 lectiones

297 2832 514 2896 aWowerio
535 2831 659 2894 allatae
679 2826 787 2893 codici
807 2829 919 2916 Regio
939 2829 1131 2914 plerumque
1152 2828 1342 2916 repugnent

298 2943 334 3006 et
366 2940 577 3004 nihilominus
612 2942 778 3022 tamquam
810 2939 882 3003 eius
914 2938 1040 3004 codicis
1070 2939 1234 3004 lectiones
1265 2940 1341 3003 lau-

238 3073 241 3077 ·
299 3049 441 3137 dentur,
473 3051 596 3116 ceteris
624 3051 690 3115 illis
725 3049 819 3118 libris
850 3051 984 3117 silentio
1016 3069 1156 3137 prorsus
1184 3051 1340 3137 praeter·

298 3163 420 3227 missis.

297 3297 632 3310 -ῌ

216 3405 224 3417 i
298 3369 387 3438 Regio
402 3371 557 3442 exemplari
570 3369 634 3423 MS.
655 3369 791 3421 collatum
810 3389 829 3424 a
846 3387 877 3421 se
889 3375 1113 3424 communicavit.
1127 3399 1165 3414 -
1178 3398 1215 3412 -
1228 3369 1340 3422 Etenim
1383 3383 1386 3386 ’

297 3446 360 3498 vidi
369 3447 455 3516 plura
471 3447 534 3498 loon
547 3445 655 3496 utiliter
669 3451 781 3516 augeri,
805 3465 882 3498 meas
901 3453 1079 3498 coniecturas
1090 3446 1197 3516 aliquot
1214 3446 1341 3513 probari,

298 3539 355 3572 non
373 3538 482 3590 paroeat·
504 3525 571 3571 item
584 3537 675 3571 novas
693 3521 856 3572 inveniendi
873 3539 972 3572 ansam
991 3521 1073 3583 dari,·
1092 3526 1220 3592 quamvis
1240 3538 1341 3572 revera

298 3613 496 3667 saepenumero
518 3613 572 3663 pro
598 3593 730 3646 thesauro
755 3613 834 3664 quem
856 3613 1004 3665 speraram
1024 3597 1161 3648 carbones
1178 3592 1342 3666 offinderim

299 3679 328 3721 et
354 3689 460 3720 merum
479 3670 697 3741 sterquilinium,
725 3687 811 3740 equo
831 3678 927 3724 tamen
943 3676 999 3722 nisi
1018 3689 1060 3726 me
1077 3677 1193 3741 egregie
1211 3670 1342 3722 iudicium

292 3741 399 3815 fallit,
420 3745 531 3815 aliquos
549 3753 581 3795 ut
600 3750 643 3795 ita
663 3745 755 3796 dicam
772 3747 929 3813 gemmulas
945 3747 1035 3799 etiem.

338 3818 443 3871 Omnes
458 3835 548 3872 autem
561 3819 680 3872 Meuroii
693 3825 868 3873 coniecturae
889 3819 992 3875 codicia
1007 3819 1211 3875 Clectionibue
1231 3834 1342 3892 promus

299 3909 468 3966 repugnarim
489 3908 630 3968 praeterea
650 3912 683 3946 ex
705 3911 737 3946 eo
760 3894 919 3948 Minucium
941 3902 1035 3971 augeri
1047 3912 1106 3952 non
1126 3895 1341 3961 observavimus,

300 3966 348 4024 red
369 3973 463 4042 potius
485 3974 591 4040 minui,
616 3973 641 4023 oi
663 3973 758 4024 omnia
781 3969 942 4026 contuleris.
