2950 4492
368 797 419 865 n.
453 792 724 868 urnoou
758 791 1026 868 inerms

454 991 805 1066 ocraur
842 986 874 1107 n
906 990 947 1068 S.

64 1203 160 1264 Pto!
225 1199 393 1284 Cogitanti
414 1199 494 1262 milri
515 1210 547 1263 et
568 1194 639 1262 oum
664 1198 772 1263 animo
793 1221 864 1263 meo
891 1198 1013 1264 Octavi
1032 1198 1113 1262 boni
1133 1207 1166 1262 et
1179 1193 1222 1262 C.
1235 1195 1267 1260 1.

91 1318 128 1385 D
160 1317 796 1388 fidelislsimicontubernalis-memoriam
804 1315 1168 1382 recensentitantadul·l
1237 1318 1270 1379 i.

160 1442 243 1504 cedo
263 1451 296 1503 et
312 1438 453 1503 adfectio
463 1437 605 1502 hominis
616 1436 769 1516 inhaesit,
786 1450 821 1501 ut
830 1437 900 1520 ipse
911 1435 1169 1522 quodammodot

161 1557 243 1621 mihi
267 1557 397 1623 viderer
423 1557 458 1621 in
477 1559 651 1640 praeterita
672 1559 797 1633 redire,
825 1579 890 1622 non
918 1581 980 1634 ea,
1000 1579 1081 1642 quac
1104 1555 1169 1619 iarn

94 1679 126 1742 E
164 1681 346 1743 transiecta
364 1689 396 1743 et
416 1682 550 1742 decursa
565 1691 652 1756 sunt,
675 1677 903 1743 recordatione
916 1698 1088 1742 revocare.
1120 1678 1173 1741 Ita
1213 1675 1248 1740 2.

162 1797 245 1887 eiusl
259 1798 498 1880 contemplatio,
511 1811 660 1882 quantum
672 1801 837 1862 subtracta
848 1811 896 1861 est
907 1797 1020 1874 oculis,
1031 1794 1170 1860 tantumil

160 1917 291 2000 pectori
318 1939 390 1980 meo
421 1939 458 1979 ac
485 1939 585 1998 paene
612 1917 732 1979 intimis
752 1918 903 1981 sensibus·
914 1916 1067 1998 inplicata
1090 1913 1170 1980 esti

159 2037 232 2100 Nec
252 2035 403 2099 inmerito
424 2034 589 2098 discedens
610 2035 662 2099 vir
679 2035 813 2099 eximius
833 2047 866 2100 et
883 2047 1010 2099 sanctus
1028 2033 1168 2099 iumen-ll
1211 2035 1244 2100 3.

161 2177 227 2220 sum
258 2155 307 2220 sui
336 2153 527 2219 desiderium
550 2155 645 2219 nobis
660 2155 807 2240 reliquit,
830 2167 943 2239 utpote
958 2178 1030 2219 cum
1044 2167 1076 2220 et
1098 2155 1170 2238 ipse

97 2279 126 2343 ii
161 2284 269 2342 tantuli
289 2274 394 2340 nostri
412 2296 538 2357 semper
549 2297 658 2339 amore
670 2275 876 2360 flagraverit,
898 2287 934 2338 ut
946 2287 978 2339 et
990 2276 1023 2339 in
1036 2276 1170 2341 ludicris

161 2408 192 2461 et
202 2395 313 2460 sellriis
327 2394 399 2480 pari
414 2416 535 2458 mecum
551 2395 715 2460 voluntate
731 2394 917 2459 concineret
938 2399 1047 2460 eadem
1067 2393 1168 2459 velleii

162 2516 214 2580 vel
236 2515 347 2590 nolle3
384 2519 533 2579 crederes
558 2537 651 2578 unam
676 2526 814 2578 mentem
835 2514 869 2577 in
898 2517 1023 2578 duobus
1050 2514 1166 2579 fuisset

81 2638 112 2702 A
164 2635 307 2704 divisam.
343 2635 398 2698 Sic
414 2635 501 2699 solus
516 2634 548 2698 in
562 2633 725 2698 amoribus
745 2633 893 2698 conscius
906 2633 993 2717 ipse,
1014 2634 1122 2698 socius
1134 2633 1169 2698 in

84 2778 107 2818 r·
126 2761 140 2808 2
163 2755 372 2830 erroribus;ll
402 2765 543 2833 etcum,
570 2755 710 2818 discussa
728 2753 883 2837 caligine,
908 2757 949 2818 de
964 2745 1168 2819 tenebrarunt

161 2875 324 2960 profundo
336 2873 368 2936 in
376 2875 493 2938 luceml
505 2872 676 2956 sapientiae
684 2885 716 2938 et
727 2874 872 2937 veritatis
883 2894 1092 2958 emergerem,
1103 2896 1170 2941 non

160 2994 284 3077 respuit
295 2993 454 3073 comitem,
470 2995 556 3068 sedl,
572 2996 720 3078 quodest
733 2992 921 3077 gloriosius,
933 2994 1169 3077 praecucurrit.
1226 2997 1259 3062 5.

165 3171 338 3225 CODICES.
376 3168 410 3242 F)
433 3187 542 3225 mecum
560 3173 621 3241 pari
641 3171 674 3230 C.
701 3169 798 3223 eedem
817 3171 900 3224 vellet
918 3169 962 3225 vel
980 3170 1067 3224 nollet
1087 3173 1119 3225 Δ.

166 3245 201 3320 Α)
221 3244 282 3300 sed‘
303 3241 351 3298 sed
370 3243 443 3316 quod
463 3248 502 3310 B;
534 3249 687 3316 praecurrit
707 3249 745 3306 Δ;

163 3410 395 3464 EDITIONUM
403 3409 456 3460 ΕΓ
464 3410 493 3464 V
492 3409 647 3463 IRORUM
653 3409 876 3464 DOCTORUM
884 3409 1169 3468 CONIECTURAE.

166 3488 203 3551 D)
224 3501 333 3538 tautum
353 3482 477 3537 dulcedo.
498 3485 605 3556 Wopk.

166 3561 188 3613 E
221 3556 354 3612 decedens
374 3559 442 3612 XII.
464 3559 555 3612 XVII.

166 3635 186 3686 it
218 3648 245 3686 et
265 3637 295 3684 in
308 3636 397 3686 seriis.
412 3634 526 3694 Heum.;
549 3633 673 3687 crederes
687 3635 735 3690 W
732 3637 794 3704 opl.
805 3637 964 3686 concineret
977 3649 1004 3686 et
1018 3633 1114 3687 eadem
1128 3636 1172 3688 vel

213 3705 295 3762 vellet
309 3706 352 3760 vel
364 3707 461 3762 nollet.
476 3708 592 3776 Herem„
613 3709 694 3762 vellet
708 3709 751 3762 vel
762 3708 860 3762 nollet.
873 3708 930 3759 1-
940 3709 1027 3776 Vll2,
1041 3709 1093 3762 x1.
1106 3711 1168 3764 xi.

152 3780 199 3870 d)
219 3799 266 3892 Sic
285 3799 360 3892 solus
380 3805 410 3892 iu
430 3799 569 3892 amoribus
589 3804 659 3892 ipsi,
681 3805 823 3893 sociusin
843 3799 982 3854 erroribus
995 3817 1058 3854 cnm
1072 3803 1172 3894 Herm.

215 3873 829 4024 itif⁰ii.'¹¹,iiiii⁸1¹tii‘iii
851 3867 1169 4023 {silentiari

213 4024 326 4077 Ursini:
347 4027 556 4096 praecucurrit).
