2950 4492
287 292 324 378 vj

287 454 424 536 sperato
447 452 572 515 eventu
593 450 733 537 gavisus
749 468 789 513 eo
806 450 951 515 alacrius
968 451 1139 516 consilium
1155 463 1249 516 suum
1269 472 1334 517 ex-

288 575 425 638 secutus
445 572 505 635 est.
526 570 599 634 Has
609 546 727 634 autem
745 571 841 657 leges
857 572 919 635 sibi
940 573 1129 652 constituit,
1149 576 1200 660 ut,
1225 574 1335 658 quoad

287 693 359 758 eius
378 691 449 756 fieri
469 675 600 775 posset,
627 710 750 755 summa
773 708 845 756 cum
868 690 932 755 lide
954 696 1153 777 sequeretur
1174 690 1333 762 Codicem

286 813 448 902 Regium,
476 815 510 877 et
529 783 755 877 tantummodo
781 812 979 876 manifestos
1000 817 1072 878 cius
1093 834 1226 879 errores
1248 834 1334 880 con-

264 936 384 999 ·sultis
427 935 576 998 omnibus
615 933 688 998 VV.
724 933 797 996 Du.
837 934 871 994 in
912 932 999 998 hunc
1034 936 1232 1020 scriptorem
1271 956 1335 1002 cu-

165 1047 170 1052 ”
285 1058 333 1120 ris
358 1055 576 1140 probabiliter
594 1055 791 1140 corrigeret.
817 1053 955 1117 Interim
981 1059 1058 1119 cum'
1080 1075 1136 1120 res
1154 1058 1217 1120 iam
1236 1058 1270 1120 in
1292 1075 1335 1121 eo

196 1163 200 1170 ’
286 1177 390 1258 esset,
406 1177 441 1237 ut
455 1174 568 1257 operis
583 1171 774 1237 traderetur
782 1173 847 1238 boc
862 1175 1073 1262 opusculum,
1085 1175 1194 1240 editor
1204 1175 1332 1241 Petro-

286 1297 378 1380 polin
393 1295 608 1358 arcessitura
622 1296 759 1390 patruo,
779 1294 936 1359 Ioanne
955 1282 1005 1359 de¹
1022 1297 1229 1376 Muralto,
1250 1299 1334 1361 inti-

284 1436 337 1481 mo
350 1393 421 1480 meo
434 1415 550 1501 amico,
562 1414 1057 1480 immortalisilliusPestalozzii
1074 1419 1150 1482 olim
1162 1418 1335 1505 adiutore,

176 1623 179 1626 Δ
284 1556 373 1603 nunc
391 1554 512 1624 magna
529 1555 601 1601 eum
617 1535 716 1599 laude
731 1535 907 1600 EcclesIae
922 1516 1123 1603 reformatae
1137 1539 1335 1624 Petropoli-

282 1661 385 1727 tanae
400 1665 536 1740 pastore
550 1674 590 1721 ac
601 1631 734 1720 rectore
750 1655 886 1720 scholae
902 1657 944 1720 ab
959 1657 1033 1740 ipso
1046 1659 1218 1746 conditae,
1239 1662 1336 1725 cuius

283 1781 428 1844 instituti
448 1778 623 1862 praeclara
638 1778 757 1841 merita
772 1777 870 1841 etiam
889 1777 931 1842 ab
950 1781 1096 1865 augusto
1107 1777 1254 1846 Russiae
1267 1783 1336 1845 im-

283 1901 441 1985 peratore
465 1890 532 1982 (qui
551 1897 685 1986 dignum
703 1899 882 1982 praemium
902 1897 1067 1962 conditori
1085 1919 1192 1984 nuper
1206 1903 1336 1986 imper·
1399 1988 1401 1992 ι

285 2013 349 2099 tiit)
372 2021 460 2082 ultro
477 2021 594 2107 agnita
612 2022 691 2083 sunt
715 2016 815 2103 atque
838 2018 1037 2089 honestata„
1059 2019 1239 2086 Eduardus
1262 2023 1336 2112 igi-

243 2165 254 2230 x·
284 2144 340 2205 tur
351 2160 443 2206 meus
463 2160 534 2206 curn
553 2161 603 2205 me
615 2126 789 2228 rogasset,
806 2143 843 2204 ut
855 2160 967 2206 curam
980 2128 1131 2226 opusculi
1144 2145 1195 2206 sui
1211 2143 1335 2209 edendi

284 2263 504 2346 susciperem,
541 2263 640 2328 facile
666 2261 796 2346 quidem
832 2262 933 2328 tenue
968 2263 1033 2329 hoc
1059 2265 1200 2330 cilicium
1230 2285 1251 2330 a
1280 2285 1334 2332 me
1464 2260 1467 2264 ’

283 2384 475 2466 impetravit
483 2401 492 2469 3
504 2382 564 2446 sed
577 2402 648 2448 curn
662 2382 840 2467 impedirer
847 2383 965 2467 partim
978 2386 1085 2450 nimiis
1096 2389 1332 2471 occupationi-

283 2504 345 2570 bus
358 2508 395 2570 et
410 2503 620 2570 scholasticis
633 2509 667 2569 et
681 2505 855 2592 litorariis,
875 2507 993 2590 partim
1006 2509 1250 2577 calamitatibus
1265 2507 1331 2571 do-

282 2626 445 2710 mesticis,
475 2645 548 2691 cum
568 2629 687 2712 unicus
709 2627 813 2709 lilius,
833 2646 975 2716 magnae
998 2631 1071 2712 spei
1093 2647 1193 2715 puer,
1222 2632 1331 2694 morte

258 2813 262 2826 ,
281 2746 359 2810 mibi
371 2751 507 2832 ereptus
520 2752 626 2832 esset,
641 2747 685 2813 ad
697 2749 876 2833 hocusque
889 2751 1049 2832 temporis
1061 2749 1162 2814 editio
1175 2753 1331 2815 extracta

282 2870 343 2932 est.
368 2865 457 2931 Illud
473 2837 612 2930 maxime
628 2865 797 2952 dolebam,
816 2867 905 2951 quod
920 2866 1142 2952 redemptoris
1157 2868 1331 2935 honestis-

280 2987 353 3050 simi
379 2986 530 3050 rationes
551 3005 619 3050 non
644 2986 823 3072 ferebant,
856 2990 894 3051 ut
923 2986 1164 3074 adiungeretur
1189 2987 1329 3054 editoris

281 3107 536 3172 commentarius
547 3110 581 3171 et
592 3109 729 3174 criticus
746 3110 779 3172 et
794 3087 992 3196 exegeticus
1007 3107 1096 3172 baud
1107 3113 1328 3174 contemnen-

144 3269 147 3272 -
278 3227 360 3312 dus,
383 3229 581 3312 praesertim
606 3247 678 3294 cum
702 3228 933 3295 lentitudinem
958 3248 1064 3295 meam
1085 3232 1329 3296 antevertisset
1356 3234 1359 3247 “

279 3348 445 3415 Lubkerti
460 3367 550 3415 cura.
572 3349 613 3415 In
628 3369 668 3416 eo
687 3351 791 3439 igitur
813 3348 1059 3416 subsistendum
1074 3352 1164 3437 erat,
1183 3354 1220 3415 ut
1236 3353 1329 3438 typis

278 3469 470 3538 traderetur
493 3473 592 3538 amici
620 3473 682 3537 mei
704 3473 871 3557 praelatio
900 3476 935 3538 et
958 3477 1144 3558 apparatus
1173 3474 1327 3559 criticus,

277 3611 374 3678 quem
389 3595 426 3658 ut
439 3594 647 3679 supplerem,
669 3596 704 3658 in
719 3594 784 3658 fine
799 3593 898 3658 huius
913 3565 1202 3679 praefatiunculae
1218 3593 1326 3661 adieci

277 3714 476 3780 varietatem
499 3713 655 3794 editionis
675 3714 862 3800 Lipsiensis
885 3717 1097 3782 novissimae.

340 3835 412 3902 Iam
430 3835 528 3902 huius
546 3837 650 3904 libelli
668 3841 850 3923 praecipua
869 3839 987 3903 merita
1004 3837 1089 3904 baec
1108 3838 1281 3903 videntur:

218 3947 219 3950 ¹
340 3957 367 4027 1.
410 3953 621 4042 Conpertum
642 3979 730 4026 nunc
750 3958 1059 4046 babemuspraeter
1076 3955 1233 4027 (lodicem
1249 3958 1322 4022 Re-
