2950 4492
1135 261 1154 321 7

176 391 267 482 Quae
296 409 399 462 autem
421 391 587 462 Minucius
615 415 633 458 a
663 394 855 461 Christianis
881 395 1052 462 observari
1077 395 1156 471 dicit

106 503 246 579 ieiunia,
284 495 503 565 abstinentiam
536 499 729 584 asauguine
757 502 879 563 edendo
910 511 942 563 et
967 499 1098 564 omnino
1121 498 1156 562 in

109 603 290 680 conviviis,
314 601 533 666 abstinentiam
549 623 566 664 a
583 601 790 685 spectaculis,
813 601 905 665 unius
922 603 1066 666 mulieris
1088 625 1156 666 ma-

108 707 314 782 trimonium,
329 705 490 769 *inviolati
512 703 664 786 corporis
676 709 768 786 apud
788 704 962 791 plerosque
985 704 1155 788 virginita-

107 820 174 872 tem
191 845 231 856 -
245 811 325 872 haec
340 811 423 891 apud
439 805 669 870 Tertullianum
686 824 815 890 quoque
830 819 913 869 sunt.
951 807 1051 869 Multi
1072 829 1153 871 vero

15 923 17 942 ⁸
109 911 167 996 qni
189 909 221 972 in
244 910 310 974 eius
337 909 547 995 apologetico
573 910 741 971 laudantur
763 907 1023 973 Christianorum
1045 929 1153 972 mores

108 1015 251 1076 nondum
273 1012 478 1076 inveniuntur
499 1012 536 1077 in
556 1012 764 1086 Minuciano,
786 1011 902 1094 ex'gr.
920 1013 1155 1096 qnaedecoc·

107 1113 196 1178 tibus
213 1105 474 1180 Christianorum
494 1117 668 1178 afferuntur
690 1127 721 1178 et
742 1118 780 1177 de
803 1113 884 1196 stipe
910 1115 978 1197 Ap.
1005 1114 1063 1187 393
1093 1114 1149 1174 sed

15 1221 17 1254 ³
109 1217 205 1280 etiam
234 1218 347 1280 multas
369 1215 457 1301 leges
482 1215 677 1280 Christianis
698 1216 851 1296 proprias
879 1218 917 1277 de
940 1214 1153 1290 humanitate,

110 1317 332 1383 misericordia
372 1331 404 1381 et
441 1316 639 1400 indulgentia
682 1318 834 1403 adversus
865 1314 1012 1379 homines
1046 1313 1155 1379 oniisit

109 1421 286 1486 Minucius.
331 1419 386 1485 Cf.
399 1419 570 1484 ¹Meierum
590 1441 625 1501 p.
649 1419 703 1482 ti.

133 1558 135 1562 ·
174 1527 218 1593 V.
246 1525 370 1588 Minor
389 1525 471 1604 apud
489 1520 670 1584 Minucium
694 1541 858 1584 numerus
871 1520 1154 1584 criminationum

111 1629 266 1689 adversus
307 1613 512 1689 Christianos
548 1645 640 1707 quam
674 1627 758 1704 apud
790 1621 1023 1684 Tertullianum
1048 1625 1090 1700 ¹¹)
1122 1633 1154 1685 et

110 1727 222 1811 potius
251 1730 290 1789 ad
320 1725 499 1788 universam
531 1723 817 1809 congregationem
845 1745 943 1808 quae,
976 1734 1012 1784 ut
1038 1723 1155 1808 vulgus

110 1829 351 1910 suspicabatur,
376 1830 486 1889 adres
510 1830 672 1890 novandas
693 1826 726 1888 in
742 1827 826 1906 Rep.
849 1828 1031 1906 spectabat,
1060 1847 1156 1909 quarn

110 1933 150 1992 ad
173 1934 323 2013 dogmata
342 1939 374 1990 et
397 1927 562 1990 doctrinae
587 1925 748 2008 principia
775 1946 856 2010 quae
878 1925 980 1989 Plinii
1008 1937 1155 2010 tempore

112 2031 246 2116 gentiles
267 2029 475 2113 ignorabant,
498 2027 737 2110 pertinentium.
844 2058 855 2101 ,t

149 2163 150 2166 ¹
175 2134 242 2196 v1.
280 2131 570 2197 criminationum
581 2131 859 2196 Caecilionnrnm
873 2153 955 2216 quae
971 2134 1055 2213 apud
1071 2131 1155 2195 Ter·

91 2234 275 2298 tullianum
307 2255 371 2297 non
400 2232 626 2309 inveniuntur,
660 2233 778 2316 prima
807 2234 848 2296 de
877 2233 1155 2298 Christianorum

47 2345 50 2353 '
111 2337 287 2420 imperitia
306 2339 339 2416 (5
355 2337 399 2400 D.
425 2337 464 2398 16
488 2321 638 2415 C),‘eius
661 2325 808 2418 tempore
828 2336 902 2398 iam
925 2337 1036 2398 diluta
1055 2347 1150 2412 erat,

111 2442 245 2504 secunda
267 2439 349 2519 (51]
365 2441 440 2500 —'7
458 2440 502 2518 E)
524 2461 564 2502 ex
585 2437 793 2522 inquisitione
807 2437 1036 2520 philosophica
1057 2459 1154 2522 quarn

110 2541 137 2604 is
165 2544 355 2624 respuebat„
392 2539 459 2603 sive
488 2561 505 2602 e
535 2527 738 2620 sceptieismo
774 2539 946 2602 Velleiano
980 2549 1054 2600 nata
1085 2549 1151 2616 est,

110 2642 204 2706 tertia
226 2646 264 2705 de
287 2640 462 2704 sacerdotis
486 2640 676 2724 genitalibus
698 2640 792 2703 cultis
812 2641 851 2720 (7
872 2641 921 2717 E)
944 2643 1028 2721 apud
1049 2631 1155 2703 solum

112 2731 292 2808 Minu-cium
312 2743 472 2826 reperitur
490 2755 584 2828 atque
604 2741 758 2820 ostendit,
781 2764 852 2805 enm
869 2740 1006 2825 propria
1024 2760 1160 2828 quoqne·

113 2867 207 2929 posse
228 2848 362 2908 habere.
403 2849 431 2912 ,’
479 2879 481 2884 -

175 2949 255 3013 vti.
298 2949 421 3012 Minor
442 2969 571 3032 quoque
589 2968 755 3010 numerus
773 2957 1061 3029 argumentorum
1085 2945 1154 3012 sire

29 3062 37 3078 ⁸
113 3050 269 3115 rationum
293 3047 530 3140 defendendae
547 3049 728 3132 religionis
745 3048 1063 3130 Christianoeapud
1084 3047 1154 3112 Mi·

114 3153 236 3217 nuciunt
259 3174 352 3238 quam
376 3155 460 3234 apud
482 3151 712 3215 Tertullianum
736 3151 792 3229 12),
822 3149 879 3236 qui
901 3149 1046 3236 quamvis
1074 3172 1155 3233 pro-

113 3255 192 3340 logo
219 3253 305 3340 quali
332 3266 462 3318 ornatus
485 3265 532 3318 est
555 3253 696 3318 Minucii
715 3253 846 3317 libellus
864 3264 989 3330 careat,
1020 3265 1115 3338 atque
1136 3273 1155 3314 a

152 3495 199 3569 11)
220 3495 343 3547 Crimina
362 3492 559 3566 perduellionis
582 3500 639 3568 (ap.
658 3495 712 3561 55,
733 3498 784 3561 57)
801 3493 892 3548 laesae
910 3497 1066 3546 maiestatis
1084 3493 1157 3546 Cae·

114 3575 180 3624 uaris
202 3569 369 3635 (ta-54),
390 3569 579 3622 calamitatum
601 3569 775 3642 publicarum
795 3569 874 3636 (²10),
894 3569 985 3623 enirm
1006 3567 1073 3620 solla
1091 3572 1155 3636 (16)

103 3646 186 3698 neus
207 3645 430 3697 Christianorum
451 3645 641 3717 Ononychites
661 3662 676 3696 a
697 3643 821 3698 Caecilio
840 3661 897 3696 non
917 3642 1105 3715 proferuntur.

151 3725 198 3782 12)
219 3718 269 3770 Ex.
292 3738 331 3789 gr.
355 3719 410 3772 cur
440 3719 600 3790 philosophi
630 3737 687 3771 non
717 3719 789 3773 aient
812 3720 960 3772 christiani
983 3719 1155 3790 puniuntur?

115 3798 151 3860 (c.
169 3792 229 3866 16).
267 3791 324 3846 Gur
344 3792 382 3844 dii
403 3799 486 3846 vestri
506 3795 680 3848 Christianos
700 3797 863 3866 patiuntur?
883 3793 946 3858 (lii)
965 3807 1018 3845 etc.
1057 3789 1100 3844 ei.
1120 3789 1155 3844 de

115 3866 178 3920 odio
202 3871 325 3920 nominis
351 3869 497 3921 christiani
525 3873 583 3936 (5),
614 3868 647 3921 dc
668 3873 727 3940 lege
747 3867 807 3923 adv.
828 3869 976 3940 religiones
997 3871 1154 3938 peregrinat

48 3977 50 3981 -
115 3947 184 3996 sieut
201 3941 271 3994 aliae
287 3941 391 3995 multae
411 3943 484 4015 leges
506 3943 674 4014 antiquanda
693 3947 806 4013 (1-6)
824 3945 859 3997 de
877 3944 966 3997 literis
987 3940 1155 3995 ludaeorum

115 4033 259 4089 earumque
285 4021 452 4089 antiquitate
469 4033 497 4072 et
516 4024 660 4074 maiestate
679 4019 846 4088 (nt-20),
872 4017 906 4072 de
926 4017 1034 4072 diuerso
1055 4016 1155 4069 homi-

115 4107 181 4147 num
204 4109 304 4168 genere
329 4097 372 4162 (8)
391 4089 425 4147 de
446 4093 576 4168 precibus
598 4095 823 4153 Christianorum
842 4111 894 4166 pro
913 4091 1079 4150 Caesaribus
1097 4104 1153 4148 eto.
