2950 4492
111 392 199 459 tonis
227 395 406 477 aequalem
431 389 544 468 luisse,
577 390 660 456 sicut
689 391 861 458 voluerunt
884 395 1029 460 Blondei
1054 397 1157 479 (apol.

115 499 156 559 de
184 493 285 577 episc.
313 506 345 558 et
369 494 502 577 presb.)
521 505 552 557 et
572 497 741 560 Dallaes‘ss
760 496 937 582 (Replique
961 500 978 561 is
997 502 1102 562 Adam
1125 509 1158 563 et

111 596 305 686 scotum.
329 597 448 662 ΙΙΙ.’8.
466 609 510 677 p.
539 597 643 676 isa),
674 620 744 660 cum
774 597 895 681 optimc
925 599 1059 683 obiiciat
1076 595 1172 665 Pit:
1209 677 1212 683 ἵ

111 699 227 782 lippus
251 699 365 762 [cibe
385 696 484 779 (diss.
501 698 577 765 hist.
598 703 637 763 ‹le
657 700 784 782 scripit.
807 701 954 780 ecclesi.)
975 722 1157 784 pronomen

111 800 193 868 illud
224 801 303 864 nihil
340 800 522 884 significare
558 801 619 864 nisi
649 801 828 865 Caecilium
860 804 1013 866 eiusdem
1042 817 1156 868 sectae

111 923 197 978 esse,
227 901 296 966 sive
317 899 507 968 lithnicumv
525 902 594 982 (Cf.
617 905 656 966 46
680 906 725 968 A.
750 905 809 967 ubi
831 903 986 970 Octavius
1010 904 1156 971 Caecilio

110 1007 309 1069 Frontonem
329 1016 488 1089 tamquam
508 1005 727 1071 Caecilianum
743 1006 863 1098 reiicit)
884 1028 945 1070 nec
963 1008 1043 1070 inde
1066 1009 1154 1092 quis,

109 1107 351 1192 pergitLabbi,
364 1109 620 1173 autGaecilinm
628 1105 763 1197 Afrum
770 1110 997 1174 Cirtensemue
1011 1121 1154 1194 argunt,

108 1222 172 1272 aut
198 1210 371 1272 amicitiae
399 1213 470 1273 ullo
499 1232 595 1278 nexu
624 1231 702 1272 cum
723 1216 895 1273 Frontone
922 1213 1154 1275 coniunctum.

110 1311 210 1374 Adde
232 1311 325 1394 qnod
343 1345 385 1356 -
406 1345 448 1356 -
469 1331 530 1372 nec
549 1289 642 1373 isnus
664 1312 700 1373 in
722 1308 855 1400 Africa
872 1313 1154 1387 Caecilius,·cum

29 1467 43 1480 .
109 1424 143 1476 et
161 1435 184 1474 a
197 1413 364 1488 Caecilio,
390 1413 529 1476 doctore
544 1433 627 1488 suo,
651 1413 694 1474 cle
709 1433 778 1496 quo
791 1414 947 1489 Pontius,
964 1430 1155 1497 cognomen

108 1514 174 1578 sibi
208 1514 371 1578 indiderit
398 1515 615 1600 Cyprianus,
657 1515 785 1599 aliique
809 1527 952 1599 praeter
980 1539 1059 1579 eum
1097 1538 1154 1580 oc·

109 1629 265 1680 currunt.

174 1719 284 1780 Multo
315 1716 448 1782 minoris
475 1716 576 1803 igitur
609 1717 809 1782 auctoritatis
838 1731 886 1784 est
915 1714 1060 1803 Rigaitii
1089 1741 1153 1802 pro

108 1820 270 1884 Minucio
289 1821 387 1908 Afro
406 1832 625 1902 argumentum
644 1819 892 1905 primumquod
913 1823 1004 1884 multi
1024 1821 1155 1886 Octavii

108 1932 140 1983 et
159 1919 294 1985 Caecilii
310 1919 342 1981 in
362 1920 502 1984 concilio
522 1920 682 1984 Africano
706 1925 746 1984 tle
764 1921 965 2004 baptizandis
982 1921 1154 1986 haereticis

107 2023 166 2084 sub
197 2006 363 2102 Cypriano
393 2021 578 2084 sententiam
603 2020 759 2101 dixerint,
789 2045 860 2086 eum
883 2023 1050 2088 Minucius
1075 2024 1155 2087 arni·

108 2122 202 2187 citiae
217 2127 436 2188 tantummodo
455 2145 549 2186 causa
565 2145 677 2189 eorum
693 2123 795 2186 frater
810 2136 946 2188 vocetur
966 2137 997 2188 et
1011 2125 1154 2190 Minucii

107 2247 173 2291 non
196 2224 298 2288 solum
327 2224 359 2288 in
384 2225 499 2288 Africa
526 2228 583 2288 sed
612 2222 682 2306 ipsa
710 2224 744 2287 in
773 2227 864 2290 Urbe
888 2226 1092 2308 reperiantur
1111 2261 1153 2272 -

109 2349 299 2414 quamquam
323 2328 421 2390 altera
443 2349 485 2391 ex
511 2338 626 2410 parte,
660 2327 803 2391 Felicem
831 2339 977 2391 nostrum
1007 2351 1024 2392 e
1054 2341 1148 2413 gente

108 2431 255 2494 Romana
288 2428 511 2493 Minuciorum
542 2429 640 2492 fuisse
674 2429 887 2494 demonstrari
920 2452 985 2494 non
1017 2430 1152 2512 poterit.

110 2530 164 2595 Cf.
195 2541 300 2593 tamen
329 2531 369 2593 28
394 2531 422 2592 B
453 2541 484 2593 et
513 2529 765 2612 Inscriptionem
795 2533 834 2592 de
863 2529 1013 2593 Minucio
1041 2529 1151 2595 Felice

108 2643 252 2718 agentem
265 2634 301 2713 4).
323 2668 364 2677 —
387 2632 534 2695 Alterum
550 2639 652 2694 autem
668 2652 729 2713 pro
746 2629 895 2696 Minucio
911 2630 999 2695 Afro
1016 2625 1154 2716 Rigaltii

108 2745 328 2818 argumentum
348 2744 412 2808 est,
437 2736 525 2817 quod
546 2731 728 2814 Cyprianus
751 2731 807 2816 qui
829 2736 1000 2795 secundum
1018 2732 1152 2806 Witho-

105 2837 182 2898 fium
205 2835 275 2917 ipse
297 2834 422 2898 Natalis
446 2833 606 2899 Caecilius
628 2844 693 2908 est,
722 2832 996 2897 Minucii'verbis
1017 2846 1081 2896 iam
1103 2835 1153 2898 la·

106 2937 276 3000 miliariter
294 2948 399 2998 utatur
417 2959 509 3021 quam
531 2935 600 3018 ipse
617 2934 783 2998 Minucius
799 2935 1003 2998 Tertulliani.
1048 2936 1092 3017 Q.
1106 2939 1150 3001 E.

106 3041 151 3104 D.
173 3039 255 3103 sicut
284 3038 415 3101 alterum
440 3037 594 3101 Witholii
623 3047 844 3121 argumentum
871 3040 960 3122 quod
987 3035 1152 3102 Minucius

105 3141 204 3204 suerit
232 3140 371 3225 aequalis
393 3139 569 3222 Cypriaui3
599 3139 681 3204 idem
704 3149 871 3222 praeterea
898 3141 937 3202 de
959 3139 1063 3222 patria
1086 3163 1152 3204 non

105 3243 207 3328 magis
230 3245 347 3326 probat
371 3265 465 3326 quam
487 3263 616 3308 nomen.

105 3475 208 3532 obiisse
221 3475 264 3528 vel
277 3492 351 3528 certe
365 3491 511 3545 antequem
524 3479 610 3530 Verus
625 3475 752 3549 apoplexi
772 3481 1009 3548 exstingueretur,
1031 3491 1148 3547 quarum

105 3567 197 3602 rerum
219 3549 294 3602 nulla
314 3549 384 3618 apud
405 3568 468 3603 eum
489 3557 595 3604 mentio
615 3551 654 3604 fit.
678 3581 709 3592 -
732 3550 810 3625 Apud
830 3550 983 3604 caecilium
1003 3569 1068 3603 vero
1094 3570 1152 3604 nou

109 3630 169 3678 eius
190 3623 318 3677 adversus
341 3625 514 3678 Christianos
541 3626 622 3680 verba
648 3625 696 3680 sed
722 3631 890 3680 sententium
910 3641 1017 3680 tautum
1037 3630 1151 3680 recitari

105 3701 231 3752 Maurini
252 3704 401 3770 scriptores
423 3700 488 3752 hist.
508 3700 550 3754 lit.
572 3701 644 3755 Gall.
664 3702 687 3756 I.
710 3706 735 3757 1.
757 3705 812 3762 286
833 3701 939 3755 dicunt.

143 3776 174 3838 lt)
195 3774 276 3828 Grut.
293 3794 319 3845 p.
334 3778 399 3832 918.
441 3775 514 3830 olis
534 3777 703 3830 Msnfflvs
724 3779 794 3841 (SAt
807 3779 900 3843 RVM)
921 3777 948 3844 Q
967 3775 1152 3830 MlesslVS

106 3849 229 3903 FELIX.
269 3849 325 3902 Alii
341 3851 461 3902 Minucii
475 3866 538 3904 sunt
553 3852 689 3917 Aciliani,
710 3856 860 3923 Augurini.
879 3852 990 3916 Fausti,
1011 3850 1148 3918 Fundani,

103 3925 200 3988 Fusci,
222 3924 362 3990 Macrini,
382 3925 460 3991 Rufi,
478 3927 600 3980 Thermi.
627 3927 766 3980 scribitur
779 3943 871 3980 sutem
893 3945 942 4001 per
961 3946 990 3992 c,
1009 3931 1072 3998 quia
1092 3944 1150 3980 nou

103 4001 287 4072 amputes,
306 3999 379 4070 quod
399 4017 526 4073 correpta
547 4005 632 4056 etiam
652 4002 756 4075 syllaba
777 4002 863 4075 jubet.
902 4002 953 4055 Sil.
967 4003 1029 4058 Vll.
1049 4006 1124 4062 525³

196 4075 256 4128 Nec
276 4094 355 4148 mora
375 4076 491 4130 disiecto
511 4077 624 4130 Minuci
641 4078 776 4132 vecordia
795 4078 873 4132 vallo
892 4078 971 4146 (xi).
