2950 4492
1087 275 1161 328 XXV

181 446 224 458 -
245 409 395 476 Delatus
412 412 451 475 in
475 405 705 476 Germaniam
725 403 903 474 Antobius
924 426 1003 473 cum
1024 424 1161 493 appen-

119 525 196 590 dice
211 543 277 590 sna
284 572 295 612 ,
317 527 355 588 in
369 541 430 588 eas
444 540 569 586 manm
584 522 727 609 tresidii,
743 538 831 610 quae
846 520 922 586 stili
933 517 1100 603 Afitcani
1113 510 1161 593 (¹3)

118 640 209 703 satis
239 635 419 702 horridam
444 633 641 698 libertatem
668 637 856 718 imperiosa
884 633 1064 696 dictatura
1087 635 1163 695 tam

119 746 348 813 tnmrecunde
376 744 585 830 subeperunt
612 749 654 808 ut
678 761 792 830 paene
821 761 943 809 seruus
971 762 1015 806 ac
1036 744 1163 806 merdis

119 863 283 944 impotem
298 856 515 922 reddiderint
522 877 534 941 ,·
556 854 630 941 fari
648 860 783 921 inessum
801 873 888 943 quae
905 872 970 918 nec
987 856 1163 918 somniare

121 969 304 1054 roltdssei3
328 969 546 1057 eiusdemque
563 972 669 1034 sortis
689 963 937 1050 infelicitatem
953 983 1017 1029 nec
1038 962 1163 1027 Minu-

120 1069 194 1145 cius
213 1079 343 1165 effupit.
363 1108 406 1125 -ὴ
426 1119 467 1128 -
495 1077 641 1146 Urstritas
661 1110 704 1124 -·
724 1076 873 1142 Amabit
893 1077 1080 1144 editionem
1104 1078 1164 1140 in-

120 1195 313 1278 stauravit,
333 1196 448 1277 prima
466 1193 559 1254 certe
581 1193 616 1252 et
639 1184 855 1255 Germurcica
871 1184 913 1260 ²³)
933 1191 1041 1250 etiam
1060 1189 1165 1272 atque

120 1301 254 1366 Batavo
287 1301 385 1385 lonpe
417 1298 603 1364 meliorem.
637 1325 679 1336 -
711 1327 753 1339 -
791 1296 988 1362 Wouerius
1010 1293 1166 1370 (sertam

119 1410 270 1478 Minucii
299 1413 485 1477 editionem
512 1404 698 1483 acuerant)
719 1411 819 1474 retus
841 1407 1024 1492 exemplar
1043 1410 1164 1491 trispe-

120 1527 216 1588 nisse
236 1523 391 1596 ridetur,
414 1521 502 1586 illud
525 1525 639 1604 ipsum
655 1516 704 1594 (t)
729 1537 776 1584 er
792 1539 857 1606 pro
873 1517 1072 1583 Romanam
1086 1516 1165 1581 edi-
1238 1590 1241 1593 ,

121 1639 252 1699 moriem
267 1637 418 1717 primam
434 1655 474 1672 -
494 1627 605 1714 fuisse
624 1647 745 1695 masam
763 1633 917 1694 testatur
937 1627 981 1692 1⁴¹.
1002 1625 1166 1693 Sabaeas

121 1741 344 1828 praefatione
367 1742 415 1806 ael
434 1740 666 1807 Franciscum
689 1737 774 1804 1.-
791 1760 850 1824 -,·
872 1743 904 1804 is
925 1742 1165 1821 potentissimo
1264 1821 1267 1824 ἦ

120 1858 273 1941 principi
292 1857 507 1917 vetustorum
525 1837 780 1935 enemplarinm
799 1847 1040 1915 bibliothecam
1058 1853 1166 1913 iristi-

121 1969 252 2052 iuentt‚
283 1982 360 2028 mem
389 1963 542 2026 editione
570 1959 719 2025 Arnobii
737 1959 998 2048 tppopraplttca
1032 1964 1166 2024 ueteres

122 2079 232 2140 etiam
250 2073 490 2166 membranas,
520 2073 612 2137 urtde
632 2071 797 2157 prodibat
818 2072 926 2135 editio
949 2070 1075 2134 dortari
1102 2089 1167 2133 uo·

123 2186 190 2252 luit
212 2179 270 2260 (2).
320 2182 417 2252 Nam
439 2179 479 2257 (i)
503 2185 630 2249 enirtde
652 2188 691 2248 in
718 2180 925 2247 bibliotheca
947 2179 1060 2266 Repta
1082 2199 1167 2246 cerc-

123 2301 262 2385 sentnr,
285 2300 380 2361 tarttt
396 2294 539 2382 plurimi
557 2295 817 2381 aestimandae,
840 2293 930 2381 pand
947 2291 1097 2359 Minucii
1113 2291 1170 2356 vel

123 2406 271 2474 Arnobtt
292 2411 391 2472 uetus
410 2405 592 2491 exemplar
610 2405 709 2470 uliud
726 2403 826 2470 ullibi
845 2406 981 2468 restare
997 2401 1168 2468 bactenas

124 2524 179 2584 est
204 2523 465 2604 irccomperinm.
488 2547 529 2585 -.-
547 2549 591 2562 —-
611 2513 687 2581 Nos
712 2514 780 2579 bac
801 2519 880 2600 ipsa
902 2510 1068 2588 (Heraldi
1089 2514 1168 2577 edi-

39 2705 42 2718 ,
124 2634 219 2694 iiorce
252 2635 333 2715 posi
368 2633 503 2693 ceteras
534 2645 650 2693 omnes
680 2620 912 2698 accuratiore)
945 2625 1056 2689 denuo
1091 2642 1169 2688 cam

125 2741 245 2805 eodem
269 2739 355 2804 libro
383 2738 493 2824 Repto
520 2741 703 2802 commissa
733 2740 769 2800 et
787 2738 1010 2827 comparata,
1040 2735 1167 2820 depre-
1227 2769 1230 2777 =

124 2849 307 2916 bertdtmns
324 2869 411 2940 quae
426 2843 644 2939 perspicaces
663 2846 778 2912 oculos
800 2845 996 2931 efflcperant
1012 2844 1169 2934 aliquam

123 2961 254 3050 multa,
287 2979 351 3025 nec
378 2979 494 3046 panca
524 2963 632 3024 ctiam
660 2975 759 3023 secus
788 2960 935 3042 accepta
961 2975 1064 3045 quam
1084 2955 1170 3021 velit

123 3077 198 3159 tpse
224 3070 402 3136 Mirmcius
422 3067 475 3146 24).
598 3106 600 3115 ν

124 3206 459 3218 *fl*—

161 3279 211 3351 23)
232 3279 403 3346 Geleniann,
434 3276 468 3330 de
495 3295 548 3350 qna
575 3296 631 3331 non
658 3277 783 3350 loquitur
810 3294 902 3347 neqnc·
919 3275 1054 3348 Rigaltins
1080 3293 1169 3346 neque

122 3355 259 3419 Ursinus,
287 3359 346 3406 sine
366 3353 450 3406 dubio
478 3369 519 3407 est
544 3355 613 3406 baec
642 3353 728 3407 editio
756 3354 938 3417 Germanica,
968 3367 1049 3422 quam
1076 3366 1170 3404 tamen

125 3445 239 3498 uterque
259 3433 413 3500 vituperare
434 3447 490 3480 non
511 3444 618 3502 poterat
640 3434 693 3480 nisi
715 3429 751 3480 ob
772 3425 958 3480 restituendae
971 3423 1104 3477 lectionis
1122 3441 1171 3477 au-

86 3519 89 3524 ·
124 3501 247 3567 daciam,
265 3503 425 3574 plerumque
439 3501 513 3556 hand
527 3501 674 3556 infelicem.
707 3504 823 3556 Accedit
838 3502 912 3573 quod
926 3503 1067 3560 Wowerii
1082 3497 1170 3552 editio

123 3582 156 3632 in
174 3595 248 3648 seqq.
270 3593 284 3627 a
305 3577 425 3648 Rigaltio
445 3595 521 3630 sexta
541 3583 719 3642 nominatur,
746 3583 785 3629 ita
805 3593 836 3630 nt
856 3576 937 3628 alteri
956 3589 1066 3647 praeter
1085 3573 1172 3627 Gele-

90 3653 93 3656 ’
123 3657 237 3704 nianam
259 3653 442 3706 Germanicae
462 3652 578 3705 editioni
598 3653 675 3705 locus
697 3669 754 3704 non
774 3657 820 3704 ait.

163 3725 211 3796 ti)
233 3730 254 3780 1.
269 3727 423 3797 Tamquam
437 3727 542 3780 codicis
557 3744 619 3780 vera
633 3728 718 3781 lectio
733 3731 855 3778 introcat
876 3725 941 3780 tii.
971 3725 1037 3780 io.
1065 3724 1168 3779 9013.

125 3802 213 3858 156.
242 3803 329 3858 1513.
359 3807 392 3856 17
413 3802 447 3853 D.
474 3807 508 3860 51
531 3805 562 3855 Ε.
590 3805 626 3860 56
646 3803 679 3854 E.
708 3804 744 3859 56
764 3802 787 3853 B
807 3799 855 3873 (i).

163 3877 200 3929 li.
220 3876 422 3928 Coniecturae:
442 3878 461 3933 6
481 3880 502 3929 A
523 3877 555 3931 C.
584 3881 601 3933 9
620 3877 645 3929 Δ
664 3878 696 3930 C.
726 3882 761 3932 11
782 3875 815 3926 D.
844 3880 881 3930 12
901 3873 935 3925 D.
964 3874 1000 3929 16
1020 3873 1054 3924 D.
1083 3877 1118 3930 18
1137 3873 1171 3926 li.

125 3953 161 4008 19
182 3951 215 4002 C·
251 3958 288 4006 20
308 3951 347 4002 C·'
375 3957 409 4010 25
431 3950 464 4003 Ι).
499 3955 534 4008 25
554 3953 584 4003 C.
616 3955 657 4009 26
673 3953 705 4004 Β.
733 3956 768 4008 27
789 3950 818 4002 F.
847 3954 883 4006 29
903 3950 935 4001 Α.
962 3951 999 4006 50
1018 3946 1053 3999 D.
1080 3951 1115 4006 51
1138 3949 1170 4000 Β.
1269 4001 1271 4006 .

124 4024 246 4084 ibDE·
275 4026 359 4082 591).
387 4024 509 4082 ancl).
536 4025 619 4086 tic.
648 4028 684 4084 16
702 4025 733 4080 F.
761 4025 936 4083 iotae.
963 4026 999 4082 52
1018 4023 1055 4076 D.
1082 4025 1171 4082 551).

126 4101 162 4156 56
181 4100 216 4153 Δ.
246 4102 281 4156 57
302 4099 334 4154 E.
363 4103 399 4157 58
418 4100 451 4157 E.
516 4113 519 4120 ’
