2950 4492
307 234 351 302 68

225 379 255 444 E
306 376 423 441 labore
440 372 577 439 collecta
592 376 726 435 testatus
744 376 826 435 eset
841 365 1044 453 poenitenter
1062 364 1202 433 omisisa
1215 382 1248 438 et
1260 375 1325 440 ob·

306 509 437 566 servata
462 490 622 559 'felieitem
666 488 807 557 Clodius
838 488 983 557 seilicetl
1018 499 1051 555 et
1082 489 1262 558 Flaminius
1292 508 1327 562 et
1387 499 1422 565 2.

308 618 421 685 Iunius
440 615 516 683 ideo
530 612 695 680 exereitus
708 609 950 697 perdiderunt,tt
967 613 1061 698 quoii
1072 610 1238 696 pullorum
1252 617 1323 683 sol-

308 738 533 807 lemnissimum
554 734 733 821 tripudium
755 736 1021 818 exspectantium
1035 753 1101 798 non
1116 745 1323 819 putaverunt.

309 860 397 944 Quid
411 859 580 946 Regulus?
601 873 706 925 nonne
721 854 857 941 auguria
877 854 1034 921 servavisti
1057 866 1092 919 et
1112 868 1224 939 eaptus
1244 860 1317 925 esti
1382 862 1414 927 3.

225 985 254 1050 F
307 981 480 1047 Mancinus
501 980 692 1067 religionem
710 978 828 1055 tenuit,
850 990 883 1042 et
903 980 963 1042 sub
985 976 1112 1063 iugumii
1135 978 1248 1043 missus
1270 992 1320 1045 est

270 1185 274 1189 .
309 1113 343 1166 et
357 1102 495 1167 deditus.
540 1101 656 1167 Pullos
671 1102 784 1165 edaces
797 1098 910 1163 habuit
923 1110 955 1163 et
970 1098 1111 1165 Paulnsl
1127 1102 1220 1185 apud
1234 1100 1321 1165 Can·

308 1245 384 1300 nas3
416 1233 617 1287 tamencum
637 1221 760 1287 maiore
781 1220 979 1305 reipublicae
1000 1216 1116 1303 partel
1138 1232 1319 1304 prostratus

225 1346 259 1410 A
312 1356 374 1409 est.
409 1343 507 1409 Caius
521 1342 644 1409 Caesar
657 1364 698 1408 ne
711 1353 785 1407 ante
800 1344 944 1405 brumam
959 1340 993 1405 in
1007 1339 1173 1405 Africani
1187 1341 1320 1427 navigia

225 1498 251 1542 1·-
260 1481 291 1531 38
309 1463 541 1529 transmitteret
559 1462 704 1547 augus-iis
718 1472 751 1527 et
765 1460 917 1545 auspiciis
932 1461 1161 1527 renitenltibus
1178 1463 1318 1545 sprevit3

312 1606 353 1649 eo
366 1583 495 1649 facilius
511 1594 544 1647 et
559 1582 728 1668 navigavit
745 1594 777 1647 et
794 1580 887 1649 vicit.
920 1583 1011 1664 Quae
1028 1582 1132 1647 verul
1151 1594 1184 1647 et
1201 1594 1318 1675 quanta
1377 1586 1408 1649 4.

309 1708 350 1769 de
365 1704 507 1771 oraculis
520 1703 724 1790 prosequar?
745 1704 832 1770 Post
845 1704 983 1769 mortem
995 1700 1231 1786 Amphiattraus
1244 1726 1322 1769 ven·

224 1830 256 1895 B
306 1840 381 1892 tura
397 1826 566 1910 respondit
581 1824 640 1911 qui
655 1824 819 1909 proditum
836 1823 879 1888 iri
895 1845 929 1889 se
949 1826 992 1889 ob
1010 1822 1146 1889 monileit
1167 1824 1320 1890 abu'xore
1415 1802 1419 1805 ”

311 1946 467 2023 nescivit;
491 1946 636 2011 Tiresias
655 1948 770 2009 caecus
783 1944 893 2018 futura
909 1944 1038 2011 videbat
1053 1946 1109 2032 qui
1123 1945 1322 2029 praeitsentia

310 2090 377 2134 non
395 2067 537 2133 uidebat.
578 2067 631 2131 De
648 2067 783 2147 Pyrrho
801 2064 924 2130 Ennius
936 2066 1098 2151 Apollinis
1111 2068 1210 2148 Pythi
1230 2064 1316 2131 res-l
1377 2069 1410 2132 5.

308 2202 415 2277 ponsa
431 2185 600 2263 confinxit,
616 2209 688 2251 eum
703 2185 767 2250 iam
779 2186 902 2270 Apollo
919 2208 1030 2253 versus
1040 2189 1149 2253 faeere
1160 2187 1321 2264 desisii'set,

310 2310 400 2377 ouius
410 2288 491 2374 lune
505 2323 631 2374 cautum
645 2308 723 2372 illud
738 2321 771 2371 et
784 2308 968 2394 ambiguum
989 2308 1107 2374 defecit
1122 2309 1317 2387 oracullum,

312 2455 384 2497 cum
407 2443 439 2496 et
459 2430 631 2515 politiores
650 2429 795 2496 homines
814 2441 846 2494 et
863 2430 965 2493 minus
984 2430 1107 2494 creduli
1126 2452 1194 2495 esse
1205 2436 1217 2494 tt
1244 2451 1321 2495 eoe-

309 2565 437 2640 perunt,
453 2565 486 2618 et
500 2553 748 2629 Demosthenes,
765 2553 853 2637 quod
867 2551 965 2616 sciret
977 2573 1132 2635 responsa
1148 2551 1321 2629 simulaita,

309 2682 513 2758 φιλιππίζειν
527 2672 681 2755 Pythiam
695 2675 903 2760 querebatur.
944 2674 991 2741 At
1004 2675 1259 2760 nonnumiiqnam
1273 2685 1322 2737 ta·
1384 2674 1414 2739 6.

309 2817 383 2862 men
397 2797 566 2862 veritatem
580 2796 634 2860 vel
648 2794 791 2879 auspicia
807 2796 859 2859 vel
874 2798 1007 2861 oracula
1019 2795 1189 2881 tetigereii

352 2919 553 3001 Quamquam
575 2915 660 2979 intes·
680 2916 780 2979 multa
803 2916 967 2981 mendacia
990 2915 1094 2980 vides-i
1110 2915 1214 3000 possit
1228 2916 1323 2980 indu·

314 3142 429 3198 CODD.
455 3142 491 3216 B)
510 3139 637 3215 prod'ffus
662 3157 705 3195 est
731 3146 790 3215 ipse
817 3142 853 3195 ob
872 3144 976 3199 monile
995 3144 1029 3198 ab
1049 3161 1133 3197 uxore
1152 3147 1265 3197 nescius
1285 3143 1322 3201 A.

378 3221 474 3270 iresias
494 3220 526 3271 B.
553 3217 756 3272 contumeliae
776 3221 809 3273 Δ.

314 3292 350 3359 C)
377 3306 507 3365 response
527 3291 675 3345 simulacra
696 3294 728 3349 C.
756 3298 908 3366 tetigerunt
927 3294 960 3349 C.

318 3422 732 3440 um*-

315 3514 402 3569 EDD.
429 3513 465 3588 E)
491 3529 608 3570 testatus
633 3528 676 3568 est
701 3516 724 3568 I.
754 3515 835 3569 Vnt.
859 3512 944 3571 Vnt.
985 3528 1118 3569 testatum
1144 3528 1186 3569 est
1213 3514 1261 3567 lv,
1280 3513 1324 3569 M.

377 3589 548 3643 solistimum
561 3589 634 3644 Edd.
649 3605 743 3641 omnes
753 3596 872 3660 praeter
881 3594 1036 3660 principem
1049 3588 1269 3643 v111-v1112.
1283 3590 1322 3645 X.

377 3681 444 3717 cum
463 3670 567 3717 maiore
588 3666 619 3718 u.
640 3666 672 3719 Ρ.
692 3666 826 3739 (Romani
845 3665 953 3738 populi)
973 3679 1052 3738 parte
1072 3664 1184 3721 Meurs.
1204 3664 1267 3719 XV.

271 3810 280 3822 ,
315 3758 353 3825 A)
379 3757 564 3830 retinentibus
584 3758 632 3813 IV.
651 3758 694 3812 M.
713 3755 823 3811 felicius
842 3757 942 3813 neum.

315 3833 350 3901 Β)
375 3832 504 3906 proditus
517 3850 559 3887 est
573 3838 634 3906 ipse
647 3832 684 3885 ob
698 3833 804 3886 monile
818 3831 853 3883 ab
872 3850 957 3887 uxore
976 3838 1088 3887 nescius
1110 3832 1220 3888 I-IV.
1240 3830 1326 3884 v112.

379 3908 462 3959 vfls,
498 3906 641 3981 proditum
660 3913 695 3961 iri
716 3908 905 3962 se-nescius
925 3909 958 3963 V.
980 3909 1047 3965 VI1.
1086 3908 1211 3962 Tiresias
1232 3902 1325 3959 lutura

377 3980 436 4104 {211
444 3982 485 4113 λῇ
502 3998 616 4129 epotum
634 3983 703 4040 illuc
722 3982 748 4039 l.
784 3998 895 4041 eentum
918 3981 988 4039 illud
1008 3985 1126 4041 Cauter.
1147 3980 1196 4056 (ed
1215 3979 1326 4037 Amet.
