2950 4492
1104 267 1143 331 ts

169 405 273 468 Solus
287 413 385 467 restat
408 403 611 468 Lactantius
631 402 686 489 qni
708 404 954 484 2³)'Minueium
972 406 1055 470 inter
1077 428 1145 484 eos,

100 504 162 591 qui
184 505 387 571 Christianos
408 505 509 569 latina
536 526 683 569 sermone
706 506 899 583 defenderit,
929 508 1066 590 primum
1087 531 1147 573 no-

100 606 221 684 minat,
256 607 487 672 Tertullianum
519 618 550 670 et
581 606 779 689 Cyprianum
807 630 887 673 vero
918 609 1090 673 secundnm
1116 624 1148 674 et

100 709 249 773 tertium.
293 713 394 774 Solus
420 694 520 795 igitur
546 709 600 773 hic
620 722 814 792 temporum
837 713 1009 776 rationem
1032 714 1148 776 obser·
1221 743 1224 747 >

100 832 203 874 casse
228 811 296 874 dici
313 813 456 893 poterit.

168 912 308 976 Accedit
336 918 425 998 qnod
452 918 547 979 locus
570 914 776 978 Minucianns
805 917 860 1002 qui
888 917 920 979 in
950 917 1051 980 altero
1083 918 1149 978 La-

103 1014 218 1078 etantii
247 1015 430 1079 testimonio
456 1018 496 1097 ²¹⁹)
526 1015 644 1100 legitur
664 1017 810 1102 quamvis
831 997 1051 1082 Tertullianeo
1073 1018 1149 1081 loco

104 1115 245 1180 maxime
272 1116 382 1179 similis
404 1117 461 1193 sit,
484 1129 588 1180 tamen
610 1141 679 1182 non
703 1144 720 1204 e
749 1123 964 1183 Tertulliano
985 1121 1151 1182 iaculatur
1217 1182 1222 1187 ,

104 1221 170 1283 sesi
195 1243 215 1281 e
239 1219 411 1284 Minucio.
471 1219 568 1298 Quod
599 1221 775 1301 Rigaltius
805 1221 967 1304 ceterique
996 1221 1150 1302 primatus

105 1319 299 1384 Tertulliani
318 1320 503 1383 defensores
520 1319 564 1381 ita
577 1319 785 1402 interpretari
799 1337 976 1404 coguntur,
1000 1327 1149 1416 Laetan-

104 1423 195 1486 tiam
217 1421 425 1485 Tertulliani
448 1423 704 1505 apologeticum
726 1444 795 1485 non
817 1424 942 1505 legisse
966 1447 1071 1507 quiem
1095 1425 1150 1486 in·

104 1523 304 1587 stitutiones
323 1544 406 1585 suas
426 1524 601 1586 scriberet.
646 1526 709 1585 Sed
730 1510 859 1586 adnatat
881 1524 1051 1586 Davisius:
1074 1529 1150 1588 Fal-

107 1625 194 1688 litur
224 1629 267 1690 V.
298 1629 366 1699 D.;
397 1625 637 1708 apologeticon
670 1625 760 1686 enim
789 1625 996 1687 Tertulliani
1024 1626 1152 1688 diserte

109 1727 235 1790 laudat
250 1729 337 1790 Inst.
360 1729 403 1790 V.
420 1727 451 1790 4.
474 1748 534 1788 nec
549 1726 619 1788 alio
635 1726 775 1806 respicit
791 1726 943 1788 eiusdem
957 1727 1037 1789 libri
1052 1731 1082 1792 Ι.
1097 1729 1151 1790 23.

174 1829 282 1906 Quare
311 1824 486 1913 Minucius¹
505 1826 686 1909 neutiquam
715 1848 786 1887 cum
808 1827 975 1890 Gutherio
1003 1830 1057 1907 (de
1083 1829 1154 1891 iure

108 1927 247 1991 manium
273 1949 308 2008 p.
338 1927 413 2005 495)
442 1926 628 1987 referendus
654 1937 701 1987 est
729 1929 770 1986 ad
798 1927 1009 1990 Diocletiani
1035 1916 1172 1991 saecu·¹

109 2033 199 2104 lum,
235 2051 322 2112 quo,
357 2039 391 2089 nt
421 2048 482 2089 van
509 2028 630 2089 Horen
660 2029 827 2101 observat,
865 2045 975 2090 omnes
1004 2028 1076 2091 illae
1102 2051 1155 2091 ca·

109 2129 246 2194 lumniae
274 2133 313 2213 de
345 2127 497 2192 monstris
526 2127 635 2202 cultis,
664 2127 839 2190 infantibus
861 2129 1044 2207 devoratis,
1077 2151 1156 2193 con-

54 2281 59 2290 .
111 2231 208 2296 viriis
242 2230 374 2308 incestis
408 2229 588 2292 iamdudum
627 2241 717 2292 erant
756 2229 892 2304 dilutae,
928 2242 960 2292 et
991 2230 1156 2294 doctrinae

112 2333 238 2398 ratione
267 2355 285 2395 a
308 2331 455 2416 gentibus
479 2331 749 2414 impugnabantur
764 2328 947 2394 Christiani
970 2353 1072 2415 neque
1094 2331 1156 2393 iam

114 2433 369 2500 coniurationum
388 2445 508 2495 tantum
528 2444 559 2494 et
577 2443 809 2495 nocturnorum
826 2432 1047 2495 sodalitiorum
1063 2455 1158 2494 cansa

113 2557 198 2622 qnae
211 2538 255 2599 oh
272 2535 373 2598 salam
392 2534 583 2616 religionem
605 2531 748 2594 instituta
773 2553 842 2594 esse
864 2534 993 2597 saeculo
1016 2536 1157 2597 secunda

115 2659 208 2702 nemo
231 2636 453 2717 incomperta
477 2636 629 2698 habehat.

111 2727 114 2732 ⁵
176 2740 291 2822 Neque
334 2737 435 2819 magis
475 2759 545 2799 cunt
585 2736 752 2800 Sabellico
780 2738 822 2816 ²⁵)
859 2748 891 2800 et
931 2741 982 2804 Ia.
1022 2739 1159 2803 Trithe·

153 2973 202 3034 25)
223 2971 294 3024 Inst.
316 2971 342 3025 5.
363 2969 387 3020 Ι.
409 2972 454 3022 22.
493 2968 537 3019 Μ.
557 2969 588 3020 F.
609 2985 665 3018 non
685 2967 821 3034 ignobilis
839 2973 915 3019 inter
936 2969 1160 3021 casesidicasioci

113 3042 189 3116 ficit.
227 3043 318 3093 Huius
334 3041 404 3092 liber
417 3046 462 3092 cui
475 3040 599 3092 Octavia
614 3042 712 3092 titulus
726 3051 784 3108 est,
805 3043 934 3093 declarat
948 3062 1030 3115 quam
1045 3043 1161 3094 idoneus

117 3122 251 3171 veritatis
277 3126 406 3168 assertor
433 3133 491 3166 esse
513 3121 667 3187 potuisset,
699 3121 725 3173 si
749 3134 779 3168 se
804 3125 894 3168 tatum
920 3117 961 3169 ad
984 3118 1017 3169 id
1038 3119 1162 3170 studium

118 3191 288 3246 contraiisset.
854 3188 867 3206 ‘

155 3265 204 3339 24)
225 3267 295 3318 last.
317 3273 342 3322 1.
362 3267 414 3319 xi.
453 3264 497 3317 M.
520 3264 550 3316 F.
570 3270 599 3315 in
622 3283 654 3316 eo
672 3264 745 3318 libro
764 3270 810 3334 qui
824 3264 963 3316 Octavius
977 3266 1161 3333 inscribitur,

119 3347 159 3392 sic
183 3348 401 3406 argumentatus
426 3347 488 3389 est:
517 3339 690 3406 Saturnum,
721 3359 782 3390 cnm
800 3337 931 3408 fugatus
955 3349 1027 3390 esset
1047 3360 1065 3390 a
1078 3339 1164 3412 filio,

120 3420 150 3467 in
167 3415 333 3482 italiamque
352 3418 495 3476 venisset,
517 3413 596 3464 Caeli
609 3412 708 3486 filium
728 3415 848 3479 dictum,
870 3413 944 3482 quad
960 3417 1099 3465 soleamus
1117 3432 1165 3465 eos

121 3506 235 3560 picarium
253 3494 388 3538 virtutem
408 3493 540 3537 miremur
553 3497 603 3539 aut
617 3493 663 3558 qui
676 3492 822 3558 repentino
835 3488 1018 3553 advenerint,
1041 3488 1074 3538 de
1087 3489 1165 3539 caelo

122 3561 251 3614 cecidisse
278 3561 387 3620 dicere,·
416 3569 511 3612 terrae
534 3571 627 3614 autem
649 3562 724 3632 quod
745 3567 855 3629 ignotis
873 3562 1040 3633 parentibus
1060 3569 1163 3630 natos,

123 3645 215 3688 terrae
230 3633 316 3707 filios
335 3639 514 3688 nominemus.

158 3715 206 3778 25)
226 3708 350 3762 Ennead.
377 3710 440 3761 Vll.
467 3715 494 3767 6.
521 3713 554 3763 Τ.
581 3713 620 3764 ll.
646 3711 698 3764 eol.
727 3715 792 3770 551.
838 3711 950 3762 Claruit
974 3710 1025 3759 suh
1053 3709 1167 3760 Urbane

123 3783 258 3855 Tryphon
276 3802 354 3853 quem
373 3782 514 3850 Origenes
533 3785 643 3851 docuit,
662 3787 707 3840 M.
722 3786 753 3838 F.
769 3794 869 3836 auctor
883 3803 1032 3836 catesarum
1045 3788 1167 3850 insignis

124 3863 199 3912 cuius
223 3859 392 3911 Lactantius
407 3863 550 3924 meminit,
583 3859 727 3927 dialogum
755 3865 871 3929 scripsit
898 3859 931 3910 de
956 3859 1114 3911 christiana
1139 3867 1168 3910 et

125 3933 235 3987 ethnica
259 3933 404 4000 religione.
432 3934 553 4005 Scripsit
572 3943 600 3986 et
619 3943 721 3987 contra
733 3935 966 3987 Mathematicas.
1004 3935 1168 4006 Hieronymi

125 4007 264 4080 catalogus
289 4007 418 4060 similiter
438 4007 617 4080 Tryphonem
643 4024 707 4062 ante
728 4011 888 4064 Minuciam
910 4007 1018 4071 laudam
1038 4013 1112 4061 sicut
1138 4023 1168 4062 st

126 4083 249 4140 Plotinae
277 4085 334 4136 vite
359 4081 522 4156 pontificum
548 4104 574 4156 p.
594 4086 645 4144 25.
673 4083 737 4140 cot.
766 4087 849 4146 15711.
887 4085 934 4140 M.
956 4084 1075 4136 Aurelia
1102 4082 1169 4135 An-
