2950 4492
1123 266 1163 328 47

154 407 257 471 ruodo
285 415 321 469 ut
349 413 553 480 crearentur,
580 404 716 481 fierent,
747 402 994 486 disponerentur
1005 415 1017 473 lt
1049 404 1163 484 summi

154 526 286 610 opificis
310 536 343 590 et
364 525 526 608 perfectae
547 522 684 590 rationis
707 535 882 609 eguerunt,
909 532 1019 589 verum
1031 528 1043 587 l
1070 524 1164 589 etiam

157 647 289 725 sentiri,
319 646 479 730 perspici,
515 630 660 730 intellegi
686 645 754 709 sine
786 668 905 709 suruma
938 645 1100 710 sollerltia
1134 658 1165 709 et

155 768 283 834 ratione
314 790 380 859 non
409 778 555 849 possunt.
601 766 706 847 Quid,
743 788 814 829 cum
848 769 931 830 ordo
965 764 1162 851 temporumi

154 911 194 953 ae
208 890 339 972 frugum
351 887 458 952 stabili
471 887 624 952 varietate
635 886 853 971 distinguitur,
865 908 970 951 nonne
983 885 1165 952 auditorem

155 1032 246 1074 sunm
255 1020 483 1095 parentemque
490 1007 646 1072 testatur?
662 1011 734 1073 Ver
744 1030 842 1093 aeque
855 1031 926 1071 cum
939 1008 1003 1072 suis
1010 1008 1166 1072 flollribus
1211 1084 1220 1095 ,

157 1142 191 1195 et
207 1143 309 1195 aestas
328 1154 400 1194 cum
419 1130 484 1194 suis
502 1128 656 1194 messibus
672 1140 704 1193 et
718 1129 860 1193 autumni
876 1128 1040 1192 maturitas
1056 1128 1163 1213 gratati

60 1252 100 1316 A
159 1262 192 1315 et
212 1250 347 1315 hiberna
369 1248 500 1314 olivitas
521 1247 718 1324 necessaria,
743 1250 799 1332 qui
822 1253 906 1314 ordo
927 1249 1022 1313 facile
1038 1248 1167 1311 turiba·

62 1389 137 1449 put
156 1381 264 1447 retur,
281 1368 349 1433 nisi·
359 1367 495 1431 maxima
509 1367 636 1431 ratione
651 1367 853 1431 consisteret.
890 1368 1167 1449 Iamprollviden·
1221 1371 1272 1433 10.
1314 1448 1317 1455 ¹

155 1491 221 1557 tiae
242 1500 399 1577 quantae,
422 1509 462 1551 ne
483 1487 608 1569 hiemps
629 1487 700 1549 sola
724 1486 829 1571 glacie
857 1500 965 1551 ureret
975 1486 987 1545 ΙΙ
1019 1500 1072 1551 aut
1100 1489 1169 1553 sola
1225 1463 1229 1466 .

158 1623 261 1676 aestas
284 1614 401 1675 ardore
422 1618 584 1683 torreret,
608 1605 748 1669 autumni
770 1618 803 1669 et
825 1607 929 1670 verisl
945 1607 1086 1673 inserere
1102 1631 1167 1673 meL

66 1732 101 1795 Β
159 1731 246 1797 dium
261 1740 562 1813 temperamentum,
584 1738 619 1789 ut
633 1748 693 1809 per
709 1726 862 1811 vestigial
880 1748 936 1791 sua
958 1728 1033 1793 anui
1055 1750 1167 1795 rever-

156 1852 254 1916 tentis
288 1849 410 1915 occulti
438 1860 470 1913 ct
489 1846 617 1913 innoxii
637 1846 812 1911 transitusl
836 1848 1032 1913 laberentur.
1077 1849 1177 1926 Mari,

157 1970 303 2047 intende,
332 1972 405 2054 lege
432 1968 539 2034 litoris
567 1966 772 2051 stringiltur.
825 1968 989 2054 Quicquid
1015 1973 1169 2034 arborum
1212 1971 1270 2042 111.

159 2104 209 2157 est
230 2090 304 2156 vide
326 2110 421 2177 quam
443 2091 605 2155 e'terraell
630 2086 999 2185 visceribusanimatur.
1045 2090 1167 2173 Aspice
1272 2150 1282 2163 ,

161 2215 345 2287 Oceanum3
374 2209 482 2275 refluit
506 2208 706 2290 reiciprocis
732 2208 884 2272 aestibus.
929 2208 1015 2274 Vide
1041 2210 1167 2288 fontes3
1275 2230 1277 2235 ·
1353 2213 1354 2216 ’

76 2334 107 2401 G
161 2344 289 2398 manant
303 2331 393 2395 venis
406 2327 632 2414 perenlnibus.
676 2328 813 2392 Fluvios
828 2328 969 2405 intuere;
994 2342 1068 2393 eunt
1090 2354 1170 2405 sem-

160 2476 222 2539 per
249 2450 402 2518 exercitis
429 2448 581 2533 lapsibus.
590 2446 603 2505 l
649 2449 737 2529 Quid
764 2448 882 2533 loquar
911 2460 982 2531 apte
1013 2415 1169 2533 disposita

162 2586 252 2640 recta
275 2570 446 2648 montium,
479 2569 635 2635 colliumi
658 2570 763 2644 flexa,
786 2579 938 2651 porrecta
962 2572 1187 2653 camporumi.
1215 2574 1268 2636 12.

165 2694 294 2778 Quidve
308 2690 512 2757 animantium
526 2690 662 2776 loquari
686 2693 839 2752 adversus
854 2661 924 2754 sese
938 2691 1068 2754 tutelam
1090 2693 1170 2754 mul-

161 2813 351 2881 tiformem?
390 2811 468 2874 alias
507 2797 667 2873 armatasi
702 2809 877 2887 cornibus,
912 2811 990 2874 alias
1023 2810 1168 2875 dentibus

78 2940 113 3006 D
165 2947 270 3020 septas
298 2946 330 2998 et
350 2933 498 2997 fundatas
520 2930 647 3016 ungulis
669 2941 700 2995 et
721 2931 879 3014 spilloatas
901 2930 1019 2995 aculeis
1039 2943 1093 2995 aut
1113 2954 1170 3015 pe·

163 3061 236 3123 dum
267 3053 431 3121 celeritate
459 3052 579 3116 liberas
608 3065 661 3117 aut
688 3050 845 3117 elaltione
873 3052 1052 3136 pinnarum.
1094 3055 1172 3138 Ipsa

162 3178 337 3263 praecipue
364 3175 491 3269 fotmae
519 3185 649 3240 nostrae
678 3171 904 3257 pulllchritudo
925 3173 1031 3238 Deum
1052 3174 1172 3240 fatetur

121 3345 124 3349 ⁵
165 3377 279 3432 cono.
307 3378 342 3441 r)
359 3376 413 3429 me
432 3372 543 3448 sugam
562 3374 596 3429 A.

116 3460 121 3467 '
164 3454 205 3519 D)
223 3456 388 3524 praecipuae
407 3452 441 3505 A.

165 3638 253 3694 EDD.
279 3638 312 3705 F)
330 3636 385 3689 hac
403 3632 514 3707 frugum
533 3630 678 3689 1-v111.
699 3630 754 3689 XI.

166 3710 204 3785 A)
224 3716 389 3764 interserere
409 3711 510 3762 Herem.

166 3788 204 3853 B)
224 3784 286 3840 vide
305 3804 320 3838 e
341 3800 430 3839 terrae
449 3789 518 3839 rire.
537 3783 637 3837 Herm.

167 3860 204 3936 0)
223 3876 331 3918 arrecta
353 3864 495 3915 montium
515 3858 626 3913 Maure.
658 3871 749 3911 erecta
768 3870 858 3911 mont.
877 3854 1005 3911 Perison.
1037 3854 1122 3910 ardua
1135 3874 1173 3914 m.

118 4039 120 4042 ·
163 3937 518 4143 misgiiizitiismmm
537 4006 648 4083 ungulis
666 4008 849 4079 Daecamp„
868 4008 1031 4079 praecipuae
1052 4003 1175 4063 1-111.
