2950 4492
298 273 414 345 xlv,

297 397 416 459 aimus
444 394 519 458 drea
547 398 583 459 et
609 398 826 480 propapator
850 396 986 479 irctepcr
1014 395 1050 456 et
1077 391 1255 458 abstersus
1276 390 1348 458 huc

297 504 490 570 miserabili
505 509 728 592 tempestate,
752 524 820 593 qua
838 509 877 568 iu
894 501 1000 579 horas
1017 523 1100 567 uera
1119 501 1255 589 Relipio
1273 523 1346 568 uu-

297 618 400 704 dique
423 620 645 706 suauitatur,
669 621 707 681 iu
728 613 904 700 publicum
923 615 1082 701 prodiret
1103 619 1138 679 et
1163 619 1245 702 quia
1270 619 1347 680 elus

298 731 433 792 curatio
456 731 494 792 iu
512 727 651 812 loupum
671 723 962 814 protrahebatur,
985 724 1128 810 difficile
1151 729 1243 790 euim
1265 732 1346 792 crat

295 838 424 903 multos
449 839 595 902 elic-ersis
620 841 768 923 uepotiis
786 837 1009 922 praepeditos
1027 838 1076 901 acl
1092 835 1215 902 horam
1236 857 1346 922 prae-

296 954 466 1034 scriptam
482 953 637 1013 iuoeuire
653 953 689 1012 et
703 952 903 1035 couoeuire,
926 948 1151 1034 Hieronymus
1166 948 1345 1013 Ferrarius

297 1063 331 1124 et
348 1060 550 1124 Franciscus
571 1058 830 1140 Priscianensis,
855 1062 923 1122 ciri
944 1059 1136 1124 doctissimi
1155 1064 1191 1123 et
1210 1063 1344 1146 iupeuii

295 1176 333 1238 ct
361 1173 483 1235 iudicii
508 1174 817 1257 perspicacissimi,
851 1168 1048 1234 emendandi
1071 1173 1106 1234 et
1137 1171 1345 1255 imprimendi

295 1282 482 1348 Arnobium
496 1281 703 1363 provinciam
716 1281 938 1364 suscoperunt
947 1327 956 1364 ,
965 1338 968 1344 .
978 1286 1015 1346 et
1031 1286 1084 1345 ita
1093 1280 1247 1365 feliciter
1260 1288 1345 1348 suut

296 1398 465 1481 assecuti,
498 1397 539 1464 ut
567 1393 657 1455 illum
683 1411 704 1456 o
730 1393 836 1456 variis
861 1394 895 1456 ei
918 1393 1107 1457 enormibus
1127 1394 1221 1457 vitiis
1241 1396 1343 1478 sique

295 1506 464 1571 erroribus
482 1502 700 1590 vindicarint,
722 1508 797 1568 tum
814 1503 1029 1589 elepautibus
1046 1509 1082 1569 et
1098 1504 1344 1590 pulcherrimis

295 1621 388 1703 typis
417 1621 623 1701 impressum
651 1613 688 1680 iu
718 1616 874 1681 stadium
900 1617 1149 1702 produceriut,
1180 1636 1236 1682 me
1260 1638 1342 1681 oero

293 1750 316 1792 a
335 1727 520 1792 calumniis
539 1731 575 1791 el
592 1727 760 1792 molestiis
782 1727 1003 1792 absolueriut.
1050 1727 1165 1806 Quare
1180 1728 1344 1813 depositis

292 1859 402 1903 novus
420 1839 566 1924 exuviiS,
584 1837 774 1921 nitidusque
792 1842 952 1903 ircveutus
963 1835 1040 1911 (sic)
1061 1837 1237 1903 Aruobius
1248 1836 1276 1912 ²)
1293 1841 1345 1903 ael

292 1954 328 2015 te
350 1949 431 2015 Rea·
448 1949 583 2035 Repum
602 1947 763 2013 Marime
780 1950 945 2012 accedere
965 1946 1133 2037 festiuat,
1157 1949 1247 2036 quod
1264 1947 1341 2014 Re-

291 2061 430 2147 lipiou'is
446 2078 483 2125 es
495 2060 750 2125 ualidissimum
761 2059 1061 2146 propupuaculum
1074 2064 1110 2124 et
1123 2058 1341 2125 christiauae

291 2171 517 2258 Reipublicae
533 2171 822 2256 uipllautissimus
837 2175 933 2236 tutor
948 2175 984 2235 et
998 2170 1177 2260 deferrsor,
1199 2175 1236 2235 et
1250 2168 1339 2236 hae·
1461 2208 1463 2225 ι

212 2304 218 2316 ‘
291 2288 479 2348 reticorum
504 2281 732 2366 formidolosa
755 2282 932 2368 bipertitis,
959 2302 1003 2348 ac
1025 2288 1125 2358 tauto
1149 2286 1184 2346 te
1210 2283 1338 2349 laetius

290 2395 450 2461 salutare
468 2397 579 2479 cupit,
598 2399 728 2482 paureio
746 2394 929 2460 ardcutius
955 2393 1063 2459 boreas
1081 2399 1178 2460 artes
1201 2395 1337 2480 ample-

289 2511 412 2594 cteris,
434 2505 596 2569 literatos
612 2503 711 2589 foves
730 2512 766 2569 et
787 2504 919 2593 evehis,
942 2510 978 2570 cl
992 2511 1179 2589 scriptores
1189 2503 1337 2570 Aruobii

289 2637 360 2685 uou
375 2616 561 2682 dissimiles
575 2621 754 2704 utriusque
771 2614 911 2702 liupuae
922 2618 1157 2706 urulecumque
1169 2621 1334 2705 capricis,

289 2735 326 2795 et
357 2727 502 2816 profuso
536 2746 618 2792 aere
654 2747 855 2816 comparas,
889 2746 1042 2793 eremius
1077 2731 1114 2792 et
1144 2732 1333 2792 oeueraris.

289 2839 460 2928 Prluceps
493 2844 602 2925 ipitur
634 2839 881 2902 iucurulissime
913 2835 1128 2926 Aruobium,
1161 2837 1335 2904 electorem

288 2953 520 3040 eloquerctem,
552 2953 729 3044 oratorem
756 2948 1069 3014 luculentissimum
1098 2954 1134 3014 et
1160 2953 1334 3037 supersti-

289 3067 394 3130 tiouis
415 3058 721 3149 triumphatorem,
744 3079 845 3149 quem
860 3061 921 3125 eliu
940 3065 1119 3147 cooptasti
1137 3067 1272 3149 suscipe
1288 3056 1333 3150 ³),

287 3177 346 3262 qui
367 3177 399 3238 si
421 3173 540 3260 aliqua
562 3172 640 3236 labe
662 3170 778 3237 adhuc
795 3171 891 3257 iufici
907 3172 1098 3262 videbitur,
1120 3179 1178 3258 mci
1195 3177 1334 3238 auctius

286 3285 456 3373 uideriut,
488 3303 574 3349 area
596 3289 633 3349 et
654 3285 791 3367 lampas
813 3284 1037 3374 relluquitur,
1059 3288 1102 3350 ut
1122 3289 1252 3350 rectius
1269 3304 1333 3349 sa-

285 3400 395 3482 pittas
417 3401 455 3461 iu
476 3414 618 3482 scopum
638 3397 846 3461 iuterulaut:
878 3396 1015 3485 qualem
1036 3402 1129 3462 euim
1150 3398 1251 3469 docti,
1265 3399 1335 3460 oiri

285 3527 305 3571 e
323 3509 483 3574 mauibus
499 3512 664 3574 melsula
687 3513 885 3597 eutorsere,
907 3512 1030 3587 spoule
1053 3513 1088 3572 et
1110 3508 1230 3574 labeus
1252 3526 1333 3572 ma-

173 3643 177 3654 ·
284 3623 407 3685 testati
437 3625 537 3708 tuae,
571 3639 675 3709 quam
706 3620 827 3686 miultis
860 3624 1151 3724 cpiprammatum
1183 3619 1332 3707 lusibus,

320 3935 351 3996 2)
373 3929 489 3984 Arnobii
511 3930 598 3984 editio
619 3930 743 3996 seilicet,
760 3948 814 3984 neo
832 3931 1012 3999 verocode1‚
1035 3947 1065 3985 ut
1082 3931 1139 3986 sole
1155 3931 1259 3984 clarius
1279 3945 1331 3983 est.

320 4011 350 4072 ὅ)
370 4005 476 4058 Eadem
496 4024 605 4080 semper
625 4005 728 4071 editio,
750 4023 780 4060 m
801 4012 857 4060 iam
876 4027 891 4060 e
910 4006 1087 4080 sequentibus
1108 4005 1140 4060 de
1160 4005 1331 4060 emendando

281 4081 381 4134 eodem
401 4081 523 4134 Arnohio
545 4081 647 4135 donato
669 4085 790 4155 apparet.
