2950 4492
313 251 401 298 XVIII

310 378 495 440 restitutae
513 393 537 437 o
553 373 608 438 Fr.
621 371 811 463 Balduiuo‚
833 371 860 438 I.
877 369 916 439 0.
953 374 1019 440 Er
1033 373 1176 461 officina
1189 375 1363 442 lodovici

230 521 233 528 ·
311 485 413 552 Litoii
436 484 646 574 typoyrapirt
667 485 989 573 Heidelberyeneie,
1012 486 1172 553 MDLX.
1218 485 1298 556 12⁰,

372 597 437 662 Er
459 603 612 686 antiquita
640 603 890 687 rnornrmeniie,
920 618 971 682 ep.
996 602 1240 684 nuncupatoria
1260 601 1306 664 11.
1331 597 1359 677 ⁹)

375 707 418 784 2)
440 709 483 772 id.
504 707 591 776 Par.
614 709 716 774 Bodi.
743 708 855 779 1589
877 708 905 795 f.

372 817 514 905 Semper
533 825 697 905 tamquam
712 821 923 887 Baiduiuaua
941 823 1115 911 landatur,
1137 825 1185 889 iia
1198 827 1236 888 ut
1255 824 1358 892 editio

284 931 581 998 ‘Fraueoiurtana
603 935 705 998 tertia
727 935 771 998 sii
792 933 1012 1000 Balduinana.

372 1042 414 1118 3)
443 1044 697 1111 immaritatas
730 1066 759 1110 o
791 1045 970 1111 Baiduino
1008 1044 1194 1113 Atrebatio
1229 1046 1256 1112 1.
1291 1045 1358 1116 Oto

309 1157 520 1246 clarissimo,
543 1161 581 1222 in
599 1158 710 1222 lucem
726 1158 955 1242 reprodnotne
972 1159 1016 1222 ab
1034 1159 1179 1225 Eidono
1197 1161 1240 1224 de
1257 1159 1357 1226 Par-

309 1267 401 1333 eimn
429 1265 600 1334 Obotrita.
644 1266 814 1352 Frorreof.
837 1273 993 1356 inpensis
1016 1268 1118 1336 Petri
1144 1271 1299 1338 Maeonii
1319 1279 1357 1338 ei

309 1377 460 1465 nupera
479 1378 627 1445 Potoni
648 1375 807 1446 MMX.
851 1377 905 1446 8⁰.
1295 1412 1298 1419 ·

373 1488 415 1566 4)
437 1491 480 1554 id.
502 1489 619 1556 Pario.
654 1489 765 1558 1609
797 1488 858 1566 (ἓ)
885 1487 1002 1560 1610.
1046 1488 1134 1568 (cat.
1155 1495 1233 1561 bibl.
1252 1497 1357 1564 Barb.

311 1603 348 1667 Τ.
369 1604 415 1668 11.
437 1604 462 1666 f.
487 1622 518 1685 p.
542 1597 594 1666 76
618 1605 651 1667 ot
672 1596 746 1668 Cat.
767 1605 841 1670 Bib.
864 1603 976 1680 Bodi.)

371 1711 394 1778 Ι
398 1713 438 1779 V.
480 1711 524 1776 A.
556 1715 588 1779 d.
614 1735 646 1779 a.
675 1737 705 1800 9.
735 1716 757 1779 i.
787 1713 863 1780 VII.
892 1716 942 1780 M.
970 1717 1020 1780 M.
1049 1716 1092 1782 1⁴¹.
1124 1714 1163 1783 0.
1192 1719 1358 1784 Romaion

308 1827 415 1890 editio
436 1831 609 1911 posterior
628 1831 664 1889 et
683 1828 910 1891 emendatior.
938 1827 981 1892 R.
1000 1847 1047 1891 ex
1063 1833 1155 1915 typis
1179 1827 1360 1895 Dominiet

307 1935 427 2003 Busae
451 1933 751 2000 MDLXXXIII.
796 1938 848 2002 4⁰.

370 2047 434 2131 Ep.
449 2047 560 2128 Fulvii
575 2045 689 2112 Ursini
706 2048 750 2112 ad
764 2047 963 2138 Gregorium
980 2049 1079 2114 XIII.
1098 2052 1354 2135 nuncupatoria.

309 2160 344 2222 11
361 2199 405 2207 -
422 2159 500 2224 VII.
545 2158 840 2244 Quadraoeaimne
858 2166 978 2247 motitur
992 2183 1106 2228 arriano
1128 2181 1175 2225 ea
1194 2181 1259 2250 quio
1274 2168 1354 2248 piar

309 2269 365 2335 iiio
394 2275 585 2356 scriptore
609 2270 815 2335 oioiioineca
837 2278 1041 2338 serenitatis
1064 2277 1147 2337 irrue
1176 2271 1353 2338 Vaticano

307 2388 346 2447 in
375 2383 486 2448 iucem
513 2387 665 2468 primam
685 2383 834 2470 prodiit,
866 2402 937 2449 non
958 2403 997 2447 eo
1025 2403 1089 2472 queo
1112 2385 1172 2448 din
1196 2384 1354 2449 latuerat

307 2495 374 2558 situ
392 2497 426 2558 et
446 2496 601 2577 squalore
620 2492 779 2557 deformis
800 2493 861 2558 sed
882 2496 924 2561 ab
947 2498 1127 2559 innumeris
1149 2515 1256 2578 paene
1273 2515 1352 2559 sor-

307 2603 404 2670 dibus
435 2605 554 2689 quibus
585 2606 753 2683 scatebat,
785 2605 965 2672 doctorum
991 2612 1146 2671 virorum
1174 2604 1352 2673 iridintrio

304 2722 539 2803 pomoraniae
553 2744 594 2754 -
610 2747 651 2758 —-
666 2715 731 2780 Ea
749 2714 852 2781 Italis
871 2722 951 2803 poet
970 2719 1152 2803 onloatnrn
1170 2720 1352 2805 exemplar

305 2833 440 2912 primns
467 2829 494 2891 Ι.
519 2829 560 2891 Β.
584 2823 791 2915 Sighioellns
811 2827 1043 2894 Bononiensis
1065 2859 1106 2870 -·-
1128 2830 1240 2895 matio
1264 2850 1351 2896 sorte

307 2957 395 3025 qnae
424 2955 494 3002 non
515 2939 695 3021 ririyarern
717 2939 947 3003 emrditionem
969 2959 1033 3004 neo
1053 2942 1227 3006 mediocre
1248 2948 1349 3026 inoe-

306 3053 403 3113 ninrn
425 3048 690 3135 desiderabant,
713 3054 752 3113 in
773 3046 838 3113 lton
858 3055 1028 3136 scriptore
1048 3056 1219 3141 correrii,
1242 3040 1350 3118 resti-

306 3162 392 3237 tuit,
416 3178 459 3223 ao
469 3177 577 3245 prope
593 3160 781 3238 desperato
794 3167 947 3226 sertorii.
959 3203 1003 3211 —
1016 3194 1058 3204 -
1075 3161 1190 3230 Suam
1207 3169 1351 3230 inierim

307 3270 464 3338 Germani
483 3273 669 3336 ediderant
689 3269 898 3362 Amantiam,
922 3279 959 3339 in
981 3295 1045 3363 qno
1062 3280 1094 3342 et
1110 3295 1175 3361 pro
1193 3276 1351 3342 omnibus

305 3387 379 3448 onia
397 3387 435 3448 in
453 3382 632 3448 Romanoa
650 3383 782 3449 aoiibnr
801 3390 838 3449 et
853 3391 1034 3471 convictio,
1056 3389 1179 3452 eadem
1198 3393 1267 3469 ipsi
1279 3387 1351 3473 fide

305 3501 343 3588 in
366 3494 629 3560 transcribendo
653 3495 848 3582 erempiori
871 3498 1058 3586 eodemmre
1075 3504 1114 3563 in
1132 3499 1350 3565 emendando

305 3607 472 3692 reliqione
492 3624 560 3693 qno
580 3605 731 3672 Romani
744 3611 808 3672 ari
827 3611 927 3697 eniri,
955 3615 1088 3676 versati
1109 3616 1243 3690 essent,
1268 3631 1350 3675 mo-

342 3845 372 3904 9)
392 3840 433 3894 vel
453 3847 545 3914 potins
563 3840 714 3894 secundom
733 3842 842 3897 Gelenii
860 3844 1011 3899 editionem
1025 3864 1090 3900 enm
1104 3847 1246 3900 nonnullis
1262 3852 1350 3920 ipsine

304 3915 433 3970 Bnlduini
455 3916 678 3987 emendationum
706 3923 873 3974 coniecturis
893 3919 927 3972 ad
946 3922 1013 3985 51).
1048 3922 1112 3980 511.
1147 3924 1246 3982 7AF.
1282 3923 1351 3977 81).

307 3991 385 4047 ioc.
410 3993 486 4050 ein.
516 3998 550 4051 18
563 3993 595 4046 Α.
623 3993 701 4051 2313.
730 3997 814 4052 28A.‘
839 3997 917 4054 2913.
944 3998 1022 4054 521.
1050 3999 1133 4056 551).
1162 3999 1241 4058 59Ε.
1268 3997 1349 4055 ioli.

305 4065 386 4124 2163.
414 4068 449 4123 51
465 4068 497 4121 A.
524 4071 602 4124 iar.
629 4069 711 4125 551).
738 4071 776 4127 59
790 4071 825 4122 D.
