2950 4492
1131 258 1171 323 29

155 399 243 482 pites
273 402 351 463 deos
379 408 535 485 quaerunt
561 409 593 461 et
621 410 696 461 suos
722 396 862 474 faciunt3
896 399 971 463 dum
998 418 1070 462 aras
1091 392 1165 463 eit-II

158 532 271 585 mount
293 520 386 584 etiam
408 518 529 603 ignotis
549 516 729 581 numinibus
752 530 784 581 et
805 518 960 582 manibus.
997 503 999 511 .

227 640 283 704 Sic
315 644 388 703 dum
419 618 643 702 universarum
672 636 813 723 gentium
848 659 939 702 saera
972 638 1168 721 suscipiunt,

159 758 271 827 etiaml
294 782 394 845 regna
414 770 609 824 meruerunt.
647 758 734 822 Hinc
756 769 931 841 perpetuus
952 758 1170 824 venerationis
1257 805 1265 824 .

157 885 271 948 tenori
287 880 417 957 mansit,
441 878 497 965 qni
510 882 608 964 longa
631 892 731 943 aetate
752 900 817 945 non
837 878 1024 963 infringitur
1038 882 1101 943 sed
1114 902 1171 943 au-

160 1005 293 1090 geltur3
315 1001 435 1085 quippe
458 999 626 1085 antiquitas
648 999 829 1067 cerimoniis
845 1012 939 1085 atque
953 999 1036 1063 fanis
1050 1011 1171 1063 tantum

159 1120 335 1187 sanctitatis
369 1119 513 1184 tribuere
555 1120 746 1196 cousuevit,
790 1094 940 1208 duantum
978 1118 1167 1185 adstruas-l
1262 1170 1268 1185 .

160 1243 205 1305 rit
225 1240 402 1305 vetustatis.
448 1242 519 1303 Nec
534 1251 638 1303 tamen
652 1251 789 1336 temere,
813 1240 912 1302 ausim
928 1239 1011 1303 enim
1026 1240 1169 1305 interimi

65 1364 103 1425 A
162 1373 194 1426 et
210 1360 281 1444 ipse
302 1363 498 1437 concedere,
521 1359 618 1423 etsie
636 1358 747 1422 melius
766 1380 893 1438 errare,
917 1360 1054 1424 maiores
1076 1361 1167 1426 nos-lt
1234 1408 1242 1425 .

64 1500 126 1555 ms
160 1482 206 1545 tri
227 1494 280 1544 aut
301 1478 511 1544 obsermndis
535 1478 677 1564 auguriis
699 1491 753 1541 aut
775 1478 859 1543 extis
881 1480 1082 1545 consulendis
1097 1480 1167 1543 auti!

160 1599 361 1674 instituendis
372 1600 472 1663 sacris
484 1605 538 1661 adt
550 1598 690 1662 delubris
704 1575 885 1663 dedioandis
905 1620 1036 1681 operam
1052 1600 1167 1663 nava-I

160 1732 289 1785 ‘verunt
313 1724 430 1803 Specta
442 1721 481 1782 de
492 1718 587 1782 libris
599 1719 801 1793 memoriam3
817 1718 879 1781 iam
891 1739 945 1783 eos
955 1720 1169 1802 deutschen-l
1257 1765 1266 1784 .

93 1843 123 1904 B
159 1846 215 1905 des
229 1839 367 1902 initiasse
382 1838 462 1901 ritus
478 1838 619 1901 omnium
633 1837 843 1923 religionum,
860 1841 912 1902 vel
924 1852 957 1902 ut
966 1840 1166 1903 remunera-ii

158 1972 249 2023 retur
269 1958 375 2021 divina
396 1957 612 2038 indulgentia,
635 1958 687 2020 vel
708 1969 744 2019 ut
765 1968 965 2021 averteretur
983 1958 1167 2023 imminensll

159 2079 226 2157 ira,
251 2089 305 2142 aut
323 2077 439 2140 utiam
460 2090 582 2139 mutans
603 2086 635 2139 et
654 2074 800 2141 saeviens
820 2079 1015 2159 placaretur.
1061 2079 1169 2143 Testis

160 2211 278 2266 matter
287 2202 385 2279 Isdea,
400 2218 481 2282 quae
495 2198 633 2260 adventu
647 2217 706 2260 suo
721 2208 753 2260 et
767 2195 919 2279 probavit
932 2208 1097 2263 matronae
1114 2222 1167 2265 oa·

159 2319 315 2385 utilitatem
326 2330 359 2383 et
376 2320 489 2381 urbem
508 2328 593 2381 metu
602 2316 712 2383 hostili
722 2316 883 2385 liberavit.
907 2304 1021 2383 Teates
1033 2320 1163 2403 eques-ll
1246 2364 1255 2385 .

163 2551 278 2606 CODD.
315 2550 351 2619 E)
377 2548 444 2601 dum
470 2554 555 2602 etiam
583 2552 687 2621 ignotis
714 2550 737 2601 B
759 2548 791 2603 C.
815 2562 927 2601 merant
953 2550 978 2603 B
999 2549 1033 2603 C.
1067 2550 1112 2604 hie
1131 2534 1169 2605 Ἀ.

224 2626 257 2691 1²)
277 2623 450 2677 abstraxerat
480 2626 513 2678 A.
550 2624 610 2677 Neo
635 2639 729 2681 tamen
759 2626 847 2675 ausim
875 2638 980 2677 temere
1009 2627 1171 2678 interimet

224 2704 233 2750 i
255 2717 283 2753 se
307 2702 338 2753 C.

162 2795 197 2858 Α)
217 2718 253 2845 ni
268 2791 375 2845 observ.
394 2791 455 2845 AB
475 2791 499 2856 (i
519 2789 565 2856 C).
602 2789 639 2858 B)
658 2804 705 2843 ant
723 2794 781 2843 iam
800 2806 936 2862 superscr.
957 2804 998 2847 ut.
1018 2792 1053 2847 Β.

161 3014 248 3069 EDD.
275 3012 312 3086 II)
333 3012 474 3066 interdum
493 3018 577 3067 etiam
597 3017 653 3084 ign.
673 3028 751 3067 num.
772 3026 799 3065 st
819 3011 949 3065 inanibus
968 3011 1054 3069 vlla.
1070 3012 1169 3067 Heraia.

224 3086 327 3140 dudum
356 3091 440 3141 etiam
472 3094 530 3159 ign.
555 3088 636 3141 XIII.
662 3103 745 3158 regna
772 3091 895 3141 Inieruut
921 3106 947 3141 v.
975 3103 1169 3160 regnaverunt.

222 3163 332 3218 Maure.
366 3178 453 3233 regna
480 3168 588 3216 inerunt
616 3163 700 3215 XIII.
729 3168 771 3215 eis
798 3167 881 3215 etiam
901 3178 985 3233 regna
1009 3178 1170 3217 meruerunt
1216 3192 1224 3204 ·

221 3238 320 3289 Herem.
369 3237 418 3289 hie
451 3237 616 3290 l-Vll¹.
651 3238 705 3293 Xl.
727 3236 806 3293 XV.
842 3251 952 3291 maneat
986 3239 1025 3293 Il.
1065 3245 1168 3309 (regna

222 3327 333 3364 merent
352 3312 411 3365 xil
417 3310 453 3385 ¹.)

163 3387 195 3451 F)
224 3385 396 3439 abstraxerat
423 3388 463 3440 VI
476 3388 497 3439 ¹.
524 3383 696 3441 adstruxerat
722 3386 760 3440 II.
783 3386 825 3440 M.
849 3384 1022 3439 adstruxerat
1047 3400 1168 3441 vetustas

224 3461 323 3515 Heum.

163 3554 198 3619 Δ)
216 3552 245 3605 id
265 3556 324 3624 Ipse
337 3567 363 3604 c.
382 3552 492 3606 Veraci.
518 3551 670 3607 concedere
690 3570 750 3607 esse
771 3551 869 3605 melius
884 3552 931 3605 IV.
945 3552 988 3607 Μ.
1021 3556 1169 3607 memorias

223 3629 281 3679 iam
300 3628 461 3680 vlit-x.
480 3628 538 3682 llll
547 3630 568 3681 ¹.
589 3630 682 3682 XVII.
709 3627 809 3684 Rhosr.
830 3642 923 3701 specta
943 3627 977 3680 de
989 3625 1085 3680 librIs:
1104 3645 1168 3681 me-

222 3706 314 3753 moria
345 3705 402 3752 iam
435 3701 521 3755 xlta.
553 3718 647 3774 specta
679 3702 816 3756 librorum
845 3706 1009 3756 memoriam
1042 3703 1167 3757 Gronov.

224 3778 329 3842 (Diatr.
354 3773 387 3826 ad
407 3777 551 3844 Stat.⁸56)
577 3783 728 3831 memoriae
754 3783 811 3831 iam
835 3779 919 3832 XIII.
948 3792 1041 3849 sprota
1067 3775 1171 3832 de'his'

223 3849 305 3975 rlghus
329 3868 367 3903 m.
393 3852 550 3921 Wopkens.
579 3856 698 3926 inspice,
713 3868 776 3908 aeta
803 3868 831 3907 et
855 3852 943 3906 lIbros
968 3857 1168 3908 memoriarum

253 3944 324 3978 eum.

163 4000 196 4065 ll)
221 3989 311 4051 mater
336 3996 417 4051 Idaea
437 4000 483 4054 tv.
503 4002 545 4055 M.
566 4000 635 4057 Vl¹.
661 4002 727 4057 V12.
747 4001 943 4057 VIM-xv,
964 3999 1056 4055 xvlt.
1076 3976 1166 4056 mater

46 4073 51 4088 ¹
223 4071 305 4127 deum
326 4074 364 4130 ll.
384 4074 439 4129 lll-
457 4074 490 4127 V.
