2950 4492
1120 249 1159 316 u

115 391 199 458 tiso.
219 413 251 456 c.
272 391 311 456 21
329 391 382 471 16).
426 390 536 456 Pauca
551 399 672 454 tantun
689 399 764 453 sunt
781 411 863 476 quac
879 411 940 456 nec
957 391 1161 475 spudium,

115 515 178 559 nec
198 495 284 577 apud
304 492 394 558 illum
414 489 637 570 inveniuntur,
665 489 808 557 Minucii
828 491 1036 578 fragmentis,
1059 491 1161 578 parti·

151 765 284 831 -16)(Vl.
307 767 333 819 1.
366 763 450 834 Quod
472 782 539 816 vere
565 761 697 818 Christus
726 767 768 815 sit
787 770 818 815 et
843 760 978 835 quomodo
1000 768 1163 838 peripsum

115 838 194 890 salus
211 841 324 889 venerit
341 843 382 889 sic
402 847 446 890 est
465 837 553 903 ordo,
582 844 623 890 sic
642 843 729 892 ratio.
768 837 837 892 vide
857 853 953 890 cetera
971 837 1007 891 ad
1026 839 1064 896 49
1083 839 1111 890 D
1126 840 1161 893 1³.

117 916 147 970 5.
170 913 262 962 Huius
285 916 377 980 igitur
400 912 596 982 indulgentiae
622 919 789 984 gratiaeque
813 912 1028 984 disciplinaeque
1051 912 1163 966 arbiter

115 993 146 1038 et
164 990 300 1058 magister
322 987 419 1038 Sermo
446 995 474 1039 et
497 988 585 1041 Filius
607 989 666 1041 Dei
692 991 833 1054 mittitur,
863 992 910 1059 qut
931 1006 983 1057 per
1007 985 1163 1059 propbetas

116 1078 213 1112 omnes
235 1068 313 1112 retro
332 1061 508 1113 illuminator
530 1071 560 1114 et
582 1061 718 1115 deductor
741 1061 856 1114 humani
876 1066 990 1130 generis
1008 1060 1163 1134 praedica·

116 1133 210 1188 batur.
248 1137 276 1193 6.
297 1136 355 1187 Hie
372 1145 415 1188 est
432 1141 528 1189 virtus
546 1138 619 1202 Dei,
640 1136 798 1202 hieratio,
828 1135 873 1187 liic
892 1141 1036 1206 sapientia
1052 1139 1115 1187 eius
1133 1142 1164 1188 et

116 1209 231 1276 gloria,
259 1207 304 1260 bic
329 1214 359 1260 in
379 1213 518 1281 virginem
535 1210 693 1276 delabitur,
719 1227 834 1261 carnem
851 1215 956 1280 spiritu
979 1227 1003 1263 s.
1023 1209 1163 1264 induitur.

118 1287 145 1340 7.
164 1284 246 1335 Deus
264 1301 326 1334 cum
351 1282 460 1335 bomine
485 1289 634 1350 miscetur,
664 1282 708 1334 bic
727 1284 809 1336 Dens
824 1291 938 1344 noster,·
969 1285 1014 1335 bic
1033 1283 1163 1338 Christus

115 1363 176 1422 est,
201 1360 249 1427 qui
271 1354 412 1408 mediator
436 1375 550 1409 snorum
574 1356 712 1408 bominem
737 1357 832 1409 induit
856 1374 935 1426 quem
954 1355 1099 1427 perducat
1121 1355 1163 1409 ad

116 1429 241 1485 Patrem.
287 1430 370 1501 Quod
394 1430 475 1484 bomo
502 1440 562 1498 est,
589 1450 649 1484 esse
676 1431 806 1484 Cbristns
830 1432 936 1498 voluit,
968 1440 1000 1483 ut
1024 1438 1054 1482 et
1077 1430 1162 1484 bomo

113 1510 207 1576 possit
231 1523 290 1557 esse
317 1504 391 1576 quod
411 1505 543 1558 Christus
564 1514 616 1558 est.
657 1513 683 1566 8.
703 1505 834 1557 Sciebant
852 1514 881 1557 et
899 1504 998 1558 Iudaei
1017 1504 1162 1559 Christum

118 1597 178 1631 esse
203 1589 370 1640 venturum
395 1598 462 1632 nam
486 1579 531 1632 ln'c
559 1581 617 1630 illis
643 1597 752 1649 semper
775 1578 922 1649 prophetis
948 1578 1162 1632 admonentibus

117 1652 357 1719 adnuntiabatur,
387 1653 438 1704 sed
461 1651 630 1725 significato
657 1653 761 1723 duplici
784 1658 844 1703 eius
868 1652 1009 1724 aduentu,
1039 1672 1096 1705 uno
1114 1658 1163 1725 qui

117 1733 255 1780 exercitio
273 1736 303 1781 et
315 1727 441 1797 exemplo
452 1727 573 1778 bominis
580 1725 780 1797 fungeretur,
799 1728 892 1780 altero
910 1733 957 1796 qui
975 1728 1068 1780 Deum
1074 1725 1163 1799 fate·

116 1811 213 1868 retur,
233 1820 291 1854 non
305 1801 488 1873 intelligendo
498 1806 622 1872 primum
640 1802 794 1853 adventum
811 1806 859 1872 qui
875 1806 907 1852 in
919 1808 1054 1873 passione
1068 1820 1163 1873 prae-

117 1880 202 1927 cessit
215 1876 352 1941 occultus,
373 1893 458 1926 uncam
470 1884 583 1927 tantum
594 1875 713 1926 credunt
728 1881 776 1946 qui
792 1881 848 1927 erit
864 1879 894 1926 in
904 1884 1051 1949 potestate
1067 1883 1164 1930 mani-

108 1945 222 2020 festus.
263 1953 288 2006 9.
311 1949 394 2018 Quod
418 1957 511 2000 autern
535 1948 587 2001 boc
602 1949 769 2000 Iudaeorum
785 1950 906 2020 populus
924 1951 1083 2019 intelligere
1104 1969 1163 2003 non

114 2028 229 2094 potuit,
250 2023 417 2074 delictorum
435 2028 566 2074 meritum
576 2021 663 2093 suit:
681 2028 722 2074 stc
737 2031 822 2074 erant
836 2029 996 2093 sapientiae
1012 2033 1042 2076 et
1055 2026 1164 2078 intelll-

117 2102 231 2166 gentiae
255 2102 392 2150 caecitate
417 2103 534 2162 mutati,
564 2105 595 2148 ut
613 2102 660 2167 qui
677 2101 741 2149 vita
761 2095 871 2170 indigni
889 2106 998 2164 essent,
1027 2097 1163 2153 baberent

115 2177 208 2224 vitam
231 2179 298 2223 ante
323 2172 417 2224 oculos
440 2189 491 2223 ncc
515 2171 655 2224 viderent.
694 2173 757 2225 VII.
778 2171 921 2243 1.1taqree
950 2190 1011 2224 cum
1034 2172 1164 2227 Christus

117 2245 210 2311 Iesus,
242 2245 392 2298 secundnm
422 2264 441 2296 a
463 2244 610 2316 prophetis
633 2254 701 2297 ante
724 2246 891 2315 praedicta,
917 2248 1004 2299 verbo
1031 2255 1059 2299 et
1083 2253 1164 2302 vocis

116 2323 235 2391 imperio
257 2321 407 2372 daemonia
424 2317 459 2371 de
480 2320 636 2373 bominibus
658 2328 820 2386 excuteret,
838 2321 1020 2393 paralyticos
1039 2329 1163 2376 restrin-

117 2403 215 2464 geret,
241 2396 367 2466 leprosos
385 2403 544 2466 purgaret,
571 2396 745 2447 illuminaret
765 2413 879 2462 caecos,
907 2396 1016 2448 claudis
1033 2415 1163 2466 gressum

117 2468 216 2534 daret,
237 2477 365 2521 mortuos
385 2488 485 2521 rursus
509 2474 666 2536 animaret,
694 2479 809 2538 cogeret
827 2470 882 2522 sibi
901 2472 1038 2522 elementa
1055 2472 1163 2541 famu-

115 2543 190 2610 lari,
212 2549 321 2594 servire
339 2552 455 2610 ventos,
477 2549 570 2595 maria
589 2543 720 2608 obedire,
742 2541 855 2612 inferos
867 2543 984 2596 cedere:
1003 2537 1102 2596 Iudaei
1114 2549 1165 2616 qul

115 2617 196 2669 illum
218 2635 317 2669 rursus
338 2616 519 2669 crediderant
536 2616 675 2670 bominem
695 2615 729 2668 de
749 2616 908 2670 bumilitate
930 2624 1026 2670 carnis
1046 2628 1076 2671 et
1097 2638 1164 2672 cor·

110 2698 217 2762 poris,
248 2692 452 2744 existimabant
476 2709 592 2760 magum
615 2692 649 2743 de
673 2693 790 2744 licentia
810 2698 975 2763 potestatis.
1024 2696 1051 2748 2,
1081 2696 1164 2747 Hunc

115 2771 252 2834 magistri
282 2783 378 2818 eornm
401 2775 485 2837 atque
511 2771 670 2836 primores,
710 2765 762 2818 boc
791 2775 851 2833 est,
879 2785 948 2838 quos
975 2775 1003 2819 et
1028 2766 1162 2834 doctrina

115 2840 164 2892 ille
189 2849 217 2892 et
242 2845 385 2912 sapientia
408 2840 586 2907 revincebat,
615 2858 733 2892 accensa
756 2846 804 2892 ira
827 2850 857 2893 et
875 2841 1073 2910 indignatione
1087 2861 1162 2914 pro-

114 2923 238 2982 vocata,
264 2924 409 2986 postremo
433 2915 594 2981 detentum,
626 2915 729 2971 Pontio
749 2915 843 2967 Pilato
868 2921 916 2986 qui
941 2923 1001 2968 tum
1020 2935 1057 2968 eu·
1074 2925 1162 2988 parte

115 2987 243 3041 Romana
255 2989 371 3060 Syriam
382 2989 572 3060 procurabat,
594 2989 792 3054 tradiderrmt,
811 3007 920 3042 crucem
933 2994 991 3041 eius
1003 2998 1033 3042 et
1044 3000 1164 3047 mortem

116 3058 266 3134 suffragiis
283 3065 419 3116 violentis
436 3081 470 3115 ac
486 3063 678 3134 pertinacibus
687 3064 872 3134 flagitantes.
909 3069 937 3125 ὅ.
957 3061 1018 3118 'Hoc
1035 3084 1083 3119 eos
1095 3065 1164 3135 fae·

117 3145 199 3189 turos
219 3145 248 3188 et
269 3142 327 3208 ipse
346 3137 535 3210 praedixerat
556 3146 585 3190 et
602 3137 806 3208 prophetarum
827 3142 949 3191 omnium
971 3145 1164 3194 testimonium

116 3215 157 3262 sic
175 3219 242 3263 ante
259 3220 472 3283 praecesserat,
493 3221 621 3284 oportere
640 3214 718 3264 illum
727 3218 810 3284 pati,
829 3231 886 3265 non
898 3222 931 3266 nt
946 3218 1066 3267 sentiret
1082 3221 1164 3284 (tan-

118 3289 190 3350 tum)
210 3296 347 3354 mortem,
365 3286 417 3340 sed
436 3293 468 3339 ut
483 3293 627 3349 vinceret,·
646 3296 675 3341 et
693 3307 775 3358 qurum
790 3305 894 3358 passus
912 3297 971 3355 est,
989 3288 1032 3341 ad
1046 3305 1164 3364 superos

117 3359 207 3411 denno
226 3362 355 3430 regredi,
376 3370 409 3413 ut
426 3367 485 3414 vim
503 3362 618 3417 divinae
633 3367 793 3417 maiestatis
812 3363 980 3416 ostenderet.
1018 3369 1047 3421 ἱι.
1068 3361 1164 3416 bidem

118 3439 213 3504 itaque
245 3453 339 3488 rerum
370 3453 469 3488 cursus
499 3438 642 3508 implevit,
667 3452 733 3490 nam
757 3445 786 3489 et
810 3436 982 3507 crucifixus,
1003 3445 1164 3508 praevento

118 3507 265 3580 carnificis
284 3508 403 3582 officio,
428 3515 559 3582 spiritum
577 3521 676 3584 sponte
695 3512 815 3578 dimisit,
841 3521 870 3564 et
894 3512 940 3563 die
959 3517 1045 3566 tertio
1065 3528 1167 3564 rursus

39 3615 43 3623 ι
86 3627 88 3632 .
119 3601 138 3635 a
151 3587 271 3635 mortuis
283 3593 381 3656 sponte
395 3591 533 3638 surrexit.
561 3591 588 3644 5.
605 3587 751 3658 Adparuit
763 3586 909 3655 discipulis
922 3585 990 3638 talis
1002 3593 1033 3637 nt
1036 3585 1163 3660 fluerat:

119 3657 327 3725 agnoscendum
345 3678 375 3711 se
394 3660 553 3712 videntibus
566 3661 716 3732 praebuit,
741 3661 825 3712 simul
843 3666 962 3727 iunctis,
982 3670 1011 3712 et
1029 3661 1164 3713 substan·
1263 3653 1267 3660 ⁵

120 3735 179 3783 tiae
195 3735 352 3805 corporalis
362 3732 519 3806 fitrmltate
534 3742 713 3807 conspicuus,
733 3736 774 3787 ad
790 3735 850 3786 dies
866 3736 919 3790 XL
935 3743 1097 3788 remoratus
1110 3743 1164 3803 est,

121 3813 157 3857 ut
172 3805 205 3856 de
224 3825 256 3859 eo
276 3808 316 3858 ad
328 3818 481 3880 praecepta
498 3812 604 3862 vitalia
620 3816 728 3863 ,instrui
744 3811 863 3882 potsent
885 3817 914 3862 et
933 3809 1073 3863 discerent
1093 3829 1164 3881 quae

121 3879 262 3934 docerent.
301 3886 328 3940 6,
347 3884 426 3936 Tunc
445 3890 476 3936 in
499 3887 605 3938 caelum
622 3884 797 3956 circumfusa
814 3885 886 3939 nube
904 3885 1031 3938 sublatus
1052 3893 1111 3951 est,
1131 3893 1164 3936 ut

122 3953 257 4008 bominem
281 3975 362 4028 quem
385 3957 503 4026 dilexit,
528 3979 607 4031 quem
634 3962 741 4026 induit,
768 3979 846 4033 quem
869 3977 888 4011 a
908 3968 999 4015 morte
1015 3964 1163 4032 protexit,

122 4028 162 4080 ad
180 4029 295 4081 Patrem
316 4037 410 4085 victor
432 4039 602 4105 imponeret,
628 4041 687 4090 iam
704 4044 843 4088 venturus
860 4054 875 4086 e
893 4036 970 4087 caelo
988 4033 1030 4086 ad
1042 4051 1164 4107 poenam

123 4101 242 4175 diaboli,
276 4113 308 4160 et
333 4107 374 4160 ad
398 4125 545 4163 censuram
575 4115 691 4180 generis
718 4110 850 4180 hiemant,
877 4111 979 4165 ultoris
1002 4113 1106 4181 uigore
1133 4115 1164 4161 et

793 4211 812 4272 b
