2950 4492
299 203 343 272 tt

217 345 248 410 E
305 365 375 410 sese
383 344 579 409 resorberet.
599 338 723 406 Sensim
734 339 843 425 itaque
855 338 1110 426 tranttquilleque
1125 339 1332 436 progressi,

302 486 394 533 oram
407 462 500 528 curvi
511 461 651 528 molliter
661 459 779 538 litoris,
794 461 856 524 iter
864 460 1001 524 fabellis
1013 459 1210 539 fallentibus,
1223 463 1335 548 lege·
1349 436 1356 439 ¹

303 587 432 661 hamunt
447 586 508 648 hac
522 583 649 646 fabulae
664 593 756 646 erant
772 581 890 646 Octavi
906 581 1109 646 dissellrentis
1123 586 1163 645 de
1177 582 1328 668 naviga·

303 703 392 770 tione
406 703 565 768 narratio.
590 703 652 766 Sed
666 702 722 766 ubi
736 701 833 766 eundi
846 701 999 785 spatiuml
1016 701 1092 765 satis
1107 701 1223 765 iuatum
1240 725 1325 767 cum
1404 704 1435 767 4.

303 792 1325 908 aermoncconsumpsimua,eandememenlsiviamrurauaver-

220 947 249 1016 Ε
307 945 351 1012 ais
363 945 510 1032 vestigiis
521 948 712 1020 terebamus,
728 955 842 1007 etcum
854 947 894 1006 ad
903 942 953 1010 idl
965 942 1033 1006 loci
1044 954 1171 1006 ventum
1183 955 1241 1021 eat,
1258 943 1324 1008 ubi

304 1068 479 1131 subductae
494 1065 660 1130 naviculae
675 1062 845 1128 substratis
860 1062 1056 1129 robolribua
1070 1085 1088 1126 a
1102 1074 1230 1128 terrena
1240 1065 1322 1129 labe

305 1206 476 1269 suspensae
499 1185 724 1271 quiescebant;
755 1206 876 1267 pueros
895 1185 1059 1248 vildemua
1083 1185 1231 1249 certatim
1255 1208 1320 1271 ge-

221 1309 256 1374 A
307 1306 439 1394 aticntes¹
451 1317 602 1370 testarum
616 1305 650 1368 in
664 1326 751 1369 mare
766 1304 1027 1370 iaculationibusl
1039 1305 1161 1370 ludere.
1183 1308 1217 1369 Is
1228 1307 1321 1371 lusus
1411 1352 1421 1371 .

222 1447 248 1492 r·
263 1430 279 1478 4
308 1438 367 1504 est,
382 1439 495 1492 testam
507 1438 638 1491 teretem
651 1425 824 1490 iactatione
834 1426 1003 1492 fluctuuml
1020 1425 1192 1511 levigatam
1203 1428 1317 1512 legere

308 1551 347 1612 de
361 1548 477 1624 litore3
491 1569 559 1610 cam
574 1558 686 1609 testam
700 1547 798 1629 plano
814 1545 892 1609 situl
906 1545 1016 1630 digitis
1028 1549 1312 1630 conpraehensum,

306 1667 455 1733 inclinem
466 1667 570 1750 ipsum
583 1678 676 1753 atque
688 1666 839 1730 humilem
850 1677 1019 1752 quantttum
1031 1680 1139 1751 potest
1149 1691 1246 1752 super
1255 1691 1316 1732 un·

222 1790 252 1853 B
310 1793 366 1854 das
379 1788 545 1852 inrotare:
563 1799 597 1850 ut
611 1787 690 1851 illud
703 1787 840 1851 iaculum
856 1787 923 1851 vell
938 1791 1068 1853 dorsum
1079 1788 1176 1852 maria
1187 1793 1315 1854 raderet

309 1908 363 1974 vel
389 1920 547 1993 enataret,
577 1910 649 1969 dum
672 1905 739 1970 leni
763 1883 892 1990 intuetu
915 1907 1051 1986 labitur,
1084 1909 1157 1988 vel,
1185 1898 1315 1974 summio

307 2027 460 2093 fluctibus
471 2027 585 2103 tonsis,
602 2027 761 2106 emicaret,
775 2028 983 2113 emerllgeret,
999 2032 1073 2092 dum
1088 2030 1220 2096 adsiduo
1234 2034 1315 2096 saltu
1401 2077 1410 2096 .

309 2148 509 2212 sublevatur.
533 2150 566 2211 Is
578 2170 610 2212 se
622 2147 655 2210 iu
666 2147 775 2230 pueris
787 2149 962 2214 vicltorem
977 2150 1114 2226 ferebat,
1132 2151 1221 2216 cuius
1235 2164 1314 2217 tecta

310 2279 343 2333 et
364 2279 575 2352 procurreret
594 2269 724 2353 lougius
739 2271 787 2334 etl
808 2269 1008 2354 frequentius
1025 2270 1183 2357 exsiliret.
1206 2271 1313 2357 Igitur
1407 2307 1414 2322 ·

225 2388 254 2457 C
312 2411 383 2454 cum
399 2411 508 2454 omncs
520 2393 581 2453 hac
596 2387 788 2472 spectalculi
803 2390 969 2473 voluptate
985 2413 1182 2474 caperemur,
1199 2392 1312 2458 Caeci·

307 2510 369 2574 lius
390 2510 470 2574 nihil
493 2509 677 2573 intenderet!
702 2531 805 2595 neque
828 2514 867 2575 dc
888 2512 1092 2577 contentione
1109 2513 1233 2591 ridere,
1259 2517 1313 2578 aed

307 2643 434 2708 tacens,
461 2630 589 2708 anxius,
615 2639 842 2716 segrcllgatua,
866 2633 982 2697 dolore
1000 2633 1109 2698 nescio
1128 2634 1206 2718 quid
1226 2636 1311 2699 vultu

307 2752 481 2816 fatebatur.
520 2749 583 2816 Cui
599 2771 683 2834 ego:
696 2748 707 2807 ΙΙ
733 2750 821 2830 Quid
842 2754 909 2817 hoc
928 2752 1067 2817 estrei?
1093 2776 1151 2817 cur
1169 2775 1235 2819 non
1255 2777 1311 2839 ag·
1392 2801 1400 2820 .

308 2892 423 2948 nosco,
441 2868 575 2944 Caecili,
595 2868 807 2932 alacritateml
825 2881 911 2935 tuam
926 2872 1032 2937 illam?
1053 2884 1085 2938 et
1101 2873 1188 2938 illam
1204 2876 1314 2941 oculo·

320 3010 732 3026 *μ

313 3051 426 3139 ΟΟΒῠ.
464 3083 501 3149 Ε)
521 3097 599 3134 orem
619 3085 703 3147 (corr.
723 3085 753 3135 iu
773 3089 864 3152 oram)
884 3087 916 3141 B.

312 3158 337 3211 B
370 3156 475 3208 callitet
504 3159 537 3210 d.

312 3231 335 3286 C
369 3229 462 3284 dolere
482 3231 522 3284 C?
542 3234 626 3283 ettam
645 3229 791 3286 oculorum
810 3237 842 3293 C.

313 3434 351 3508 A)
376 3433 516 3506 voluptate
536 3439 663 3506 vestigio.
692 3430 796 3507 Scheff.
807 3440 1008 3511 tuperatitioac.
1035 3442 1137 3497 licum.
1152 3442 1198 3497 all.
1211 3440 1312 3498 furtim.

375 3508 454 3561 Orus.
475 3514 695 3582 superstitiosius
715 3511 829 3566 Menck.

314 3585 350 3650 E)
377 3582 492 3636 eandem
513 3589 595 3638 viam.
615 3585 715 3638 Heum.

312 3659 349 3724 B)
376 3662 508 3712 emicaret
535 3675 563 3712 et
589 3673 726 3730 mergeret
753 3660 834 3714 ΝΜ.
856 3666 988 3715 emicaret
1008 3662 1073 3716 dum
1093 3666 1247 3721 v-vl2.
1266 3667 1312 3722 xt.
1340 3670 1349 3681 “

373 3733 501 3796 resilirem
530 3734 568 3787 11.
595 3734 647 3786 111.
674 3737 813 3788 inuocaret
840 3734 983 3808 Wopkcn.
1010 3739 1111 3792 Herem.
1136 3739 1244 3796 raderet
1267 3756 1312 3794 ner

377 3823 501 3861 enataret
521 3808 606 3863 x112.
625 3806 752 3874 raderet,
772 3824 896 3863 enataret
916 3813 978 3864 XV.

283 3925 284 3930 ,
311 3883 346 3952 C)
373 3879 486 3936 doloris.
515 3884 615 3936 Heum.
646 3879 750 3936 dolere.
782 3881 853 3937 Edd.
882 3899 990 3957 praeter
1021 3901 1077 3940 trec
1110 3893 1213 3960 primae
1237 3882 1313 3941 vlit.

376 3970 405 4008 ct
423 3956 521 4019 x111.;
549 3956 722 4008 alacritatem
749 3957 859 4028 tuaml,
887 3975 936 4014 cur
955 3959 1033 4015 illam
1053 3962 1085 4015 V.
1099 3963 1166 4016 V11.
1185 3959 1253 4015 W.
1270 3962 1308 4017 xt

375 4029 571 4084 hilaritatem?
590 4029 672 4086 Tum.
687 4031 786 4082 Heum.
