2950 4492
255 217 319 318 xljx

259 383 441 443 hominum.¹
468 383 503 442 P.
544 391 588 444 85.
616 385 654 442 D.
686 388 802 440 Aetnae
822 384 954 456 montis]
987 384 1118 441 Aetnae.
1142 419 1171 434 -
1193 387 1228 442 P.
1254 390 1300 448 87.
1389 389 1392 394 ’

260 489 294 546 C.
313 487 453 546 excuset*
461 513 472 554 ,-
487 500 623 545 eventum
635 495 676 543 sit
689 489 796 558 sorti&¹
812 487 968 559 fortunae]
981 499 1131 545 eventum.
1152 487 1201 547 Sit
1210 493 1301 547 sortis

259 595 390 650 fortuna.
413 619 448 638 ··
467 595 579 662 verius]
600 589 732 648 uberius.
757 625 787 638 -
808 589 843 646 E.
863 599 924 662 quis
938 593 1056 664 potest]
1074 593 1127 668 qui
1142 603 1253 668 potest.
1270 629 1301 641 -

259 697 293 754 F.
314 699 429 768 tamen]
452 695 583 752 tandem.
605 729 637 740 -
655 679 848 766 pairimonio]
868 694 1058 750 matrimonio
1075 699 1148 766 (err.
1169 699 1302 772 ty'pogr.)

261 828 290 842 -
306 799 340 858 P.
358 804 403 856 88.
423 799 460 856 A'.
480 803 601 870 pascua]
616 816 720 873 pecua.
740 827 769 837 —
790 795 824 852 C.
843 796 985 868 bumana]
999 798 1133 854 humani.
1151 829 1185 840 -
1198 799 1234 855 P.
1254 803 1301 857 89.

259 902 294 959 F.
316 909 456 974 inceglcaz]
481 902 616 958 insultat.
642 928 670 938 -
693 899 728 956 P.
753 904 799 956 90.
822 899 860 956 Α.
889 910 994 954 mentis
1015 885 1164 970 licentiae]
1185 911 1303 959 mentes

259 1005 392 1062 licentia.
408 1030 442 1042 ··
461 1004 496 1060 Β.
521 1016 549 1058 et
570 1007 642 1072 tam]
657 1013 729 1058 tam.
745 1031 779 1042 ·-
798 1000 833 1057 P.
856 1007 902 1058 91.
922 1007 949 1057 6.
974 1005 1138 1074 turpitudo]
1157 1015 1189 1060 et
1204 1005 1305 1079 turpi·
1372 1022 1377 1032 “

259 1106 344 1163 tudo.
367 1134 402 1148 -
424 1106 458 1160 Ρ.
480 1109 526 1162 92.
542 1105 580 1160 D.
602 1116 653 1158 aut
676 1121 733 1158 mm
755 1107 909 1175 sente'enti]
941 1115 995 1160 aut
1015 1099 1229 1161 sentienti.'·-
1251 1115 1304 1160 aut

260 1211 348 1281 [non]
371 1209 523 1280 sentienti]
547 1217 598 1262 aut
616 1225 679 1262 non
697 1207 850 1262 sentienti.
873 1239 906 1249 —
925 1207 965 1262 P.
980 1210 1027 1263 93.
1042 1207 1080 1262 D.
1096 1213 1241 1277 intentos]
1254 1209 1306 1262 in·

259 1313 345 1368 tenti.
365 1341 395 1352 -
413 1315 453 1366 ad
472 1333 515 1366 me
536 1321 595 1377 est,
624 1311 845 1382 magnituditte]
874 1309 911 1366 ad
929 1327 976 1364 me
986 1330 999 1378 ,·
1023 1327 1062 1365 ex
1084 1308 1302 1385 magnitudine.

260 1450 288 1460 -
310 1419 355 1473 18.
376 1417 499 1485 evolvo]
513 1391 648 1470 revolvo.
674 1445 704 1456 —
725 1420 884 1485 (quantum
898 1413 1009 1481 [eadem
1020 1417 1237 1485 tranquillitato
1249 1431 1306 1485 qua

259 1520 488 1588 vivim11s]sed]
507 1526 667 1592 quantum,
686 1515 750 1572 sed.
765 1550 796 1562 -
810 1515 846 1572 P.
862 1519 909 1572 94.
924 1495 959 1572 Ρ.
979 1521 1023 1585 ut]
1041 1512 1306 1572 haud.-B.m1·h1·

260 1622 422 1689 Octavius]
458 1618 604 1676 Octavius
631 1618 714 1674 mihi.
745 1644 774 1658 -
814 1617 848 1675 C.
878 1620 1023 1672 octavius
1060 1621 1187 1688 gaudere
1216 1616 1305 1689 quod]

261 1721 423 1790 Octavius,
446 1721 537 1798 quod.
1123 1699 1127 1709 Ι

324 1905 519 1979 scribebam
536 1905 664 2003 Tutini,
691 1911 744 1979 die
765 1910 900 1978 XXIX.
923 1914 1046 1978 mensis
1067 1911 1213 2000 Aprilis,
1239 1929 1305 1999 quo

261 2031 315 2100 dle
335 2035 415 2100 ante
442 2031 504 2101 hos
525 2037 596 2102 tres
616 2053 725 2102 annos
746 2033 932 2102 Academia
950 2037 1068 2103 nostra
1088 2029 1225 2131 οοῃᾶψα
1243 2035 1307 2102 est.
