2950 4492
312 276 355 341 8⁰

226 412 260 482 D
354 411 481 481 Putatis
502 424 605 477 antem
620 430 680 476 nos
694 406 859 477 occultare
874 412 964 495 quod
984 405 1138 487 nolimus,
1160 408 1190 474 si
1212 411 1318 483 dein-tt
1353 432 1462 485 xxxii.

311 538 373 599 bra
393 544 426 599 et
445 552 520 597 aras
537 554 603 599 non
616 533 787 609 babemus3
808 533 899 617 quod
912 528 995 595 enim
1009 528 1233 600 simulacruml
1249 534 1323 603 Deo

309 654 450 741 fingam,
474 677 546 720 eum
567 652 595 719 si
616 664 706 719 reete
728 640 891 718 existimes
912 648 953 717 sii
973 650 1038 718 Dei
1059 653 1160 719 bomo
1175 653 1261 738 iplse
1276 655 1322 723 si.

313 776 513 841 mulacrum?
535 776 688 860 templum
703 776 794 861 qood
815 771 845 837 ei
858 782 1036 851 exstruam,
1050 796 1133 861 ,cum
1146 783 1254 844 tolttos
1268 776 1323 843 hie

197 958 202 967 .
311 901 446 963 mundus
466 895 535 963 eius
554 918 656 981 opere
676 895 854 960 fabricatus
874 915 945 958 eum
961 894 1094 978 caperel
1112 917 1178 961 non
1190 888 1320 983 possiti

227 1017 260 1085 E
313 1031 346 1085 ei
375 1041 446 1083 eum
467 1020 567 1084 homo
595 1016 690 1081 latius
711 1038 872 1094 maneam,
902 1014 987 1079 intra
1007 1036 1100 1080 unam
1109 1017 1122 1077 ΙΙ
1146 1016 1321 1085 aediculam

311 1138 378 1205 vim
398 1149 506 1204 tautae
526 1137 701 1204 maiestatis
721 1136 904 1204 includam?
925 1136 1049 1203 nonnel
1072 1137 1184 1205 melius
1204 1139 1239 1205 in
1258 1162 1320 1207 no·
1400 1188 1410 1208 .

311 1272 379 1328 stra
394 1251 590 1341 dedioandris
602 1270 651 1326 est
665 1272 785 1339 mente,
807 1259 840 1324 in
854 1269 970 1325 nostro
986 1258 1110 1334 immol
1126 1282 1321 1327 consecran-

312 1385 372 1447 dus
390 1394 440 1449 est
455 1382 612 1466 pectore?
637 1380 774 1447 Hostias
793 1391 824 1445 et
841 1378 989 1445 victimas
1007 1374 1145 1445 domiuo
1164 1382 1318 1460 offeram,

301 1525 395 1591 quas
409 1502 443 1566 in
458 1500 568 1566 'salsum
583 1499 646 1565 mei
653 1499 809 1589 protulit,
828 1486 864 1563 nt
876 1498 1020 1565 reiieiam
1037 1498 1067 1565 ei
1081 1520 1171 1571 sunm
1183 1500 1319 1580 munus?

227 1622 257 1690 F
310 1622 490 1708 ingratuml
513 1632 572 1700 est,
589 1643 661 1686 cum
682 1621 724 1686 sit
744 1620 877 1685 litabilis
898 1620 1006 1687 hostia
1025 1622 1131 1687 bonus
1147 1620 1321 1686 animus-et

309 1766 393 1831 pura
409 1746 515 1810 meust
535 1755 567 1809 et
581 1743 706 1809 sincera
720 1743 889 1809 sententia.
912 1742 1019 1829 Igitur
1034 1742 1091 1829 qui
1102 1741 1319 1813 innocentiam
1399 1786 1410 1809 .

313 1865 411 1944 nolit,
437 1867 534 1937 Dent
557 1864 735 1950 supplicat,
764 1863 820 1952 qui
840 1862 1018 1942 iustitiam,
1038 1863 1114 1930 Deo
1135 1864 1230 1928 libai:
1260 1862 1318 1949 qui

225 1988 261 2053 A
312 1986 481 2052 fraudibus
514 1986 693 2065 abstinet,l
726 1983 885 2070 propitiat
915 1986 1037 2063 Deum3
1070 1984 1127 2071 qui
1156 1984 1319 2051 bominem

214 2111 293 2198 με
310 2107 459 2191 perieuln
490 2106 645 2191 subripit,
678 2105 856 2190 optimamll
886 2104 1049 2170 victimam
1079 2105 1198 2183 caedita
1232 2108 1317 2173 haee

261 2256 272 2275 ·
310 2238 424 2293 nostra
444 2226 621 2308 sacrificia,
643 2231 723 2293 haee
745 2226 810 2294 Dei
831 2248 921 2323 sacra
943 2237 1033 2305 sunt3
1056 2226 1126 2291 siell
1150 2231 1236 2311 apud
1256 2250 1318 2293 nos

309 2346 499 2434 religiosior
519 2359 568 2414 est
587 2347 643 2413 ille
664 2347 720 2434 qui
742 2348 871 2413 iustior.
915 2348 964 2413 At
984 2347 1068 2413 enim
1089 2345 1208 2435 queml
1232 2347 1315 2415 coli-
1395 2393 1405 2413 .

224 2469 254 2534 B
310 2490 378 2533 mus
389 2459 505 2547 Deum,
520 2491 580 2534 neo
591 2469 798 2545 ostendimus,
813 2490 873 2533 nee
883 2467 1041 2534 videmus.
1059 2470 1164 2536 Immo
1178 2491 1220 2535 ex
1231 2472 1313 2537 hoel

308 2588 413 2656 Deum
428 2588 587 2657 medimna
601 2592 690 2675 quod
703 2610 774 2653 eum
787 2586 905 2654 sentire
915 2612 1096 2673 possumus,
1112 2591 1238 2659 viderel
1251 2614 1316 2658 non

307 2732 498 2795 possumus3
519 2708 552 2772 io
570 2708 724 2793 operibus
743 2710 826 2775 enim
843 2710 910 2776 eius
926 2722 958 2775 et
975 2711 1009 2776 in
1027 2711 1134 2777 mundi
1150 2712 1321 2790 omnibusll

306 2831 450 2897 motibus
469 2829 619 2893 virtutem
639 2828 706 2894 eius
729 2854 858 2916 semper
878 2843 1078 2917 praesentem
1105 2832 1315 2919 aspicimus,ll

307 2972 379 3016 eum
389 2960 491 3026 tonat,
505 2924 660 3035 iulgurat,
670 2950 828 3033 fulminat,
840 2978 910 3021 oum
922 2964 1060 3021 serenat.
1074 2940 1146 3019 Nee
1157 2955 1314 3035 urirelris,
1398 3000 1407 3021 .

307 3162 423 3219 CODD.
448 3162 486 3231 li)
506 3179 533 3217 et
552 3168 680 3241 victimas
701 3165 737 3219 do
758 3168 803 3234 (i).
831 3165 936 3219 linarias
958 3164 1071 3216 offeram
1090 3166 1124 3226 Β.
1408 3218 1411 3222 ,

308 3237 340 3310 F)
369 3236 485 3292 domino
512 3241 553 3301 A;
586 3244 632 3308 (in
657 3241 687 3295 C,
706 3239 772 3303 deo;
805 3244 834 3292 ln
861 3240 884 3293 B
912 3252 955 3292 est
981 3238 1057 3291 idem
1082 3236 1120 3291 do
1145 3236 1221 3312 quod
1248 3240 1318 3296 alias

369 3312 1321 3390 semperprodaousurpatur‚eumdominusnumquampereompen-

371 3386 595 3462 diumrcriptum
615 3394 668 3455 sit,
688 3394 718 3442 in
737 3388 802 3442 loeo
821 3388 845 3442 ti
863 3403 957 3443 sutem
970 3387 1006 3442 ob
1021 3388 1245 3463 superscribendi
1264 3409 1320 3445 ue-

370 3467 519 3614 cessapiaeanp
537 3464 700 3522 brevitatem
719 3462 833 3517 domino
860 3463 980 3519 forsitan
999 3482 1048 3538 per
1066 3481 1157 3537 remp.
1183 3482 1237 3521 ser.
1257 3482 1318 3534 eet,

367 3556 427 3592 non
480 3557 506 3592 o.

304 3632 342 3703 Β)
366 3647 419 3685 nee
439 3628 613 3687 ostendimus
631 3647 685 3683 uec
698 3631 873 3689 ostendimur
888 3650 941 3687 uec
956 3632 1079 3697 videmus
1094 3632 1126 3687 C.
1153 3648 1272 3688 mererer
1284 3634 1318 3691 Β.

303 3799 393 3854 Boo.
419 3798 456 3865 E)
481 3796 570 3852 laxius
597 3799 645 3856 iv,
669 3798 822 3854 M-vle
860 3798 950 3857 laxius
970 3800 1089 3855 habeam
1109 3802 1213 3855 Herem.
1244 3804 1320 3857 iuter

329 3909 337 3922 .
367 3890 452 3927 uuam
472 3874 524 3929 xl.
550 3878 580 3926 in
601 3877 660 3926 imo
680 3891 759 3929 eous.
779 3876 881 3929 Herem.

305 3948 340 4016 p)
369 3951 541 4002 casselensis
554 3948 602 4002 tv,
618 3949 769 4010 M-Vlss.
789 3951 841 4006 tx.
861 3951 1012 4007 itt-xv,
1039 3950 1314 4028 nominenumine?

369 4037 435 4075 oum
454 4026 502 4077 sit.
520 4024 619 4077 Herem.
653 4025 759 4097 iugiter
779 4044 806 4098 q.
824 4029 883 4089 ion.
904 4027 937 4081 V
935 4030 1014 4081 oncis.

306 4095 343 4165 Α)
368 4108 495 4167 optatam
513 4100 579 4154 siet.
598 4098 646 4154 IV.
666 4100 710 4156 Μ.
735 4104 860 4176 opimam
880 4101 1025 4159 11-vt².
1046 4100 1251 4157 vius-XV.
