2950 4492
287 227 312 272 X

288 347 501 412 coniecturae
530 345 708 434 suffragari
735 350 916 432 potnerunt
934 343 1060 415 Sabaei
1082 349 1225 431 epistola
1245 367 1336 414 nnn.

289 458 464 542 eupatoria
487 458 595 522 obiter
615 458 704 521 lecta
727 460 762 522 et
787 457 906 524 menda
927 461 985 524 illa
1007 478 1114 544 pauca
1135 460 1170 523 in
1191 463 1336 546 utroque

288 568 404 636 codice
428 569 646 634 occurrentia
690 562 762 635 sed
783 572 887 634 multo
909 574 1070 658 graviora
1093 572 1251 638 obstant:

354 679 392 754 1)
413 680 522 744 Huius
553 683 658 764 ipsius
693 681 907 748 coniecturae
939 685 1070 747 minima
1099 684 1336 769 probabilitas,

289 794 418 856 scilicet
435 811 501 856 nna
520 811 592 857 cum
609 789 756 858 editione
771 795 922 878 principe
932 796 1101 860 Lutetiam
1113 797 1247 859 nissum
1259 813 1336 860 esse

289 906 453 991 codicem,
476 926 519 971 ex
541 926 605 991 quo
629 924 754 972 excusa
775 908 844 992 cst,
866 924 931 990 quo
954 910 1066 972 mmcn
1087 907 1228 993 amplius
1250 926 1337 992 opus

289 1020 461 1083 nouerat.

352 1127 392 1205 2)
413 1129 497 1194 Eius
516 1128 593 1194 doni
613 1131 647 1192 in
667 1129 811 1213 epistola
831 1128 890 1192 illa
911 1125 1022 1212 (qnam
1046 1127 1123 1193 idco
1145 1131 1249 1192 totam
1272 1128 1336 1194 dc-

290 1240 410 1324 dimus,
443 1240 565 1324 alioqui
590 1242 782 1304 necessaria
809 1242 937 1303 tantum
959 1259 1002 1304 ex
1027 1240 1206 1304 editionum
1231 1259 1335 1325 prac-

290 1353 473 1417 iationibus
492 1347 726 1435 excerpentes)
742 1349 785 1413 ad
803 1349 951 1438 Regem,
973 1354 1025 1416 cui
1047 1350 1192 1416 donatus
1215 1351 1336 1417 dicitur

290 1462 415 1546 codex,
438 1463 682 1544 nuncupatoria
697 1463 819 1525 nullam
834 1463 984 1544 omnino,
1005 1464 1034 1526 si
1049 1465 1239 1528 accuratius
1252 1481 1335 1547 per·
1360 1511 1367 1519 .

289 1575 434 1662 legeris,
455 1576 654 1637 mentionem
678 1591 754 1636 esse
776 1572 899 1637 factam
921 1576 1083 1638 invenies

353 1683 392 1760 3)
415 1680 497 1750 Sine
519 1683 692 1748 Pontificis
714 1703 798 1747 vero
821 1685 914 1748 iussu
944 1687 978 1748 et
1001 1688 1202 1750 auctoritate
1233 1705 1251 1750 c
1281 1687 1337 1751 bi-

289 1795 456 1863 bliotheca
480 1794 649 1878 pontificia
677 1796 863 1879 principum
887 1798 1030 1879 nemini,
1052 1815 1095 1859 ne
1113 1797 1187 1882 regi
1205 1797 1338 1880 quidem

289 1908 518 1972 liberalissimo
549 1924 632 1992 erga
662 1904 781 1969 doctos
802 1907 895 1968 viros
915 1925 936 1970 a
954 1907 1206 1972 bibliothecario
1229 1904 1338 1971 codex

290 2019 476 2084 Vaticanus
499 2016 615 2081 donari
638 2018 758 2100 potuit.

355 2128 393 2202 4)
416 2129 544 2193 Romae
572 2129 680 2192 altera
701 2126 845 2193 Arnobii
873 2128 972 2192 editio
999 2132 1138 2214 paratur
1169 2148 1232 2194 nec
1254 2148 1336 2194 vero

289 2242 445 2307 Lutetiae
464 2240 677 2305 Parisiorum.
721 2238 896 2305 Gelonium
914 2259 996 2304 vero
1016 2243 1050 2303 et
1065 2239 1262 2304 Balduinum
1282 2243 1338 2326 qni

291 2355 421 2417 interea
436 2350 600 2416 editiones
615 2355 820 2416 curaverunt
834 2350 983 2416 codicem
995 2352 1136 2441 aliquem
1149 2353 1337 2436 inspexisse

291 2465 427 2548 probari
451 2483 518 2527 non
542 2466 676 2546 poterit.

356 2571 395 2649 5)
407 2570 524 2641 Codex
531 2574 662 2662 Regius
673 2574 889 2662 aWowerio,
902 2575 956 2659 qui
968 2575 1092 2657 primus
1104 2575 1176 2638 eius
1186 2576 1338 2639 notitiam

291 2686 416 2775 habuit,
436 2689 601 2770 tamquam
619 2685 774 2750 diversus
794 2687 837 2753 ab
858 2686 934 2769 illo,
957 2704 975 2749 e
998 2705 1062 2770 quo
1082 2685 1245 2751 editiones
1261 2686 1337 2750 Ro-

290 2816 408 2862 manae
424 2799 536 2862 factac
550 2791 633 2882 sint,
650 2795 862 2885 designatum
883 2796 1150 2860 Elmenhorstius
1164 2800 1337 2881 utrumque

292 2908 441 2974 codicem
468 2907 592 2972 diserte
616 2907 809 2995 distinguit,
838 2907 1018 2992 eademqne
1044 2910 1131 2973 ratio
1155 2912 1207 2973 est
1229 2908 1336 2975 colla-

291 3021 393 3084 tionis
405 3036 500 3103 quam
512 3017 681 3083 Heraldus
691 3015 733 3093 28)
748 3037 821 3084 cum
833 3019 948 3085 codice
960 3020 1070 3107 Regio
1085 3021 1237 3083 instituit.
1272 3017 1336 3100 Qui

291 3133 321 3195 si
337 3150 410 3196 eum
422 3130 569 3196 codicem
582 3130 782 3197 Vaticanum
793 3149 868 3196 esse
881 3129 1118 3217 credidissent,
1139 3151 1207 3196 non
1220 3149 1261 3196 ea
1273 3149 1337 3215 qua

291 3243 447 3308 fecerunt
461 3242 612 3306 sollertia
628 3240 808 3308 editionum
828 3239 1053 3308 Romanarum
1076 3244 1255 3321 lectionem
1273 3224 1336 3309 ob-

328 3449 378 3523 28)
398 3453 487 3502 Lucas
511 3451 675 3501 Holstenins
704 3447 816 3520 quidem
841 3456 872 3504 in
898 3470 942 3522 ep.
969 3450 1017 3504 ad‘
1032 3454 1128 3506 Frano.
1160 3452 1334 3507 cardinalem

290 3525 473 3579 Barberinum
493 3524 577 3578 dicit:
606 3545 642 3576 ex
660 3531 721 3597 ipso
743 3534 775 3576 ret
796 3535 880 3577 notat
895 3526 1056 3602 (Heroides)
1075 3534 1168 3580 veteri
1191 3529 1266 3580 MSo
1287 3533 1335 3598 quei

290 3601 392 3653 Leonis
403 3601 435 3652 X
445 3599 639 3672 munificentia
653 3603 707 3655 eV
706 3606 822 3652 uticona
836 3602 1001 3654 bibliotheca
1013 3609 1043 3653 in
1052 3604 1170 3672 Regiam
1183 3607 1333 3670 migravit.

243 3671 247 3678 ’
290 3676 401 3727 Missus
428 3683 501 3728 enim
520 3675 589 3746 ficit
614 3675 702 3726 codex
727 3676 775 3726 ille
798 3677 956 3744 singularis
977 3677 1018 3729 ad
1032 3679 1213 3730 Franciscum
1232 3678 1335 3745 Regem

290 3769 348 3800 una
369 3769 431 3800 oum
455 3769 558 3803 exerceo
586 3751 741 3820 exemplari
767 3751 841 3822 qnod
863 3755 1052 3804 eireevnomini
1077 3754 1199 3805 editores
1217 3753 1335 3804 Romani

291 3829 507 3896 inscripserant.
558 3824 612 3878 Sed
642 3825 706 3878 inde
735 3841 750 3876 a
780 3825 871 3878 verbio
899 3833 946 3897 qui
974 3829 1078 3881 Leonis
1106 3830 1144 3882 X.
1195 3828 1334 3881 Holetenii

292 3905 408 3950 omnino
424 3900 504 3952 verba
523 3916 586 3954 sunt
607 3905 653 3970 qui
674 3918 731 3952 non
752 3899 922 3968 adverteret,
945 3908 1046 3975 viginti
1065 3920 1153 3956 annos
1170 3918 1233 3975 post
1252 3903 1334 3954 huius

291 3973 435 4028 Pontificio
461 3991 579 4028 mortem
606 3994 620 4028 e
650 3973 746 4029 codice
766 3976 901 4032 Vaticano
928 3983 1050 4052 primam
1075 3979 1152 4034 illam
1179 3981 1334 4034 Romanam

291 4046 443 4102 editionem
465 4065 590 4122 paratam
609 4066 677 4104 esee„
1086 4047 1088 4051 ’
