2950 4492
325 179 345 242 6

399 317 433 396 1)
455 313 590 381 Creatio
613 317 653 378 de
674 312 791 399 nilnlo.
835 313 875 377 51
891 311 934 378 C.

395 419 429 497 2)
453 416 653 502 AngeliDei
672 415 743 480 veri
764 412 965 480 venerationi
981 413 1050 486 eius
1073 413 1228 478 adsistunt
1248 425 1286 478 et
1304 424 1405 478 nutu

450 519 523 602 ipso
547 505 597 582 ac'
609 519 699 582 vultu
719 516 787 582 eius
804 516 912 580 territi
933 516 1196 581 contremiscunt.

394 623 428 702 3)
450 623 632 688 Daemones
657 619 681 684 i.
708 642 738 684 e.
767 619 812 683 dii
838 619 1000 702 gentilium
1022 641 1041 682 a
1059 621 1133 684 Deo
1152 640 1233 683 vero
1248 623 1295 683 ad
1313 641 1396 683 ma-

450 723 549 788 terias
581 734 753 788 avocantes
785 733 817 785 et
847 722 963 786 malum
996 744 1090 786 omne
1120 721 1329 798 efficientes,
1372 744 1395 785 a

452 824 647 890 Christianis
677 827 716 888 de
746 823 948 907 corporibus·
972 822 1063 908 exigi
1090 836 1238 908 possunt.
1285 825 1337 887 38
1353 825 1391 888 D

452 930 554 990 -11
578 929 624 992 A.
760 977 779 998 ,
1263 989 1269 995 .

394 1032 429 1111 t)
451 1029 600 1096 Christus
611 1030 713 1093 Dens.
738 1029 780 1091 13
794 1028 822 1093 C
834 1029 879 1092 D.
909 1030 986 1092 Hoc
1001 1029 1073 1092 solo
1088 1029 1164 1092 loeo
1181 1031 1220 1092 de
1232 1027 1386 1095 Christo

390 1121 392 1126 ’
450 1155 556 1197 sermo
578 1143 642 1208 est,
665 1131 751 1194 acsi
773 1125 924 1196 Christus
937 1129 978 1193 sit
999 1129 1087 1193 Deus
1105 1129 1159 1193 ille
1183 1130 1239 1215 qui
1255 1132 1384 1196 ceteris

448 1233 531 1299 locis
545 1234 704 1296 laudatur.
720 1231 854 1314 (Meier.
869 1235 1040 1297 comment.
1051 1234 1150 1296 deM.
1160 1234 1201 1296 F.
1212 1237 1299 1299 Tur.
1310 1236 1382 1298 824

449 1359 486 1420 p.
513 1338 581 1417 39).

393 1441 427 1521 5)
448 1440 641 1503 Iudaeorum
665 1435 826 1501 calamitas
837 1459 865 1500 ,a
883 1437 1052 1519 prophetis
1066 1436 1245 1520 praedicta.
1270 1438 1312 1501 49
1330 1439 1376 1503 F.

394 1544 428 1623 6)
450 1545 564 1606 Sermo
581 1554 612 1606 et
626 1541 710 1605 ratio
727 1565 745 1606 a
760 1543 832 1605 Deo
855 1544 986 1617 dantur,
1005 1553 1040 1603 ut
1053 1563 1124 1604 eum
1139 1561 1374 1624 agnoscamus,

449 1643 637 1720 sentiamus,
660 1643 832 1708 imitemur.
867 1643 908 1704 20
923 1643 966 1706 F.

392 1749 425 1830 7)
447 1747 576 1831 Ingenii
592 1759 719 1823 natura,
743 1768 808 1809 non
830 1745 977 1829 genitura
996 1742 1148 1828 plectitur
1168 1745 1213 1819 53,
1225 1743 1272 1820 ῦς
1295 1766 1373 1808 nam

447 1871 535 1912 mens
556 1848 658 1911 libera
677 1860 741 1912 est.
766 1849 806 1911 53
828 1847 873 1925 C.

391 1951 425 2034 9)
446 1950 588 2026 Iustitia,
611 1949 764 2032 pudicitia
785 1947 974 2033 praecipue,
1004 1962 1052 2014 est
1083 1949 1205 2033 optima
1231 1946 1367 2034 religio.

448 2053 488 2115 48
499 2053 544 2116 A.
575 2053 620 2116 cf.
638 2053 739 2116 461).

391 2155 424 2233 9)
446 2153 605 2240 Cogitare
627 2156 748 2218 scelera
761 2167 904 2238 'peceare
925 2166 986 2219 est.
1010 2156 1049 2219 53
1064 2157 1107 2219 Β.

369 2259 432 2337 10)Κ
446 2255 551 2321 Deum
570 2256 746 2321 nescientes
765 2269 800 2333 ut
823 2255 932 2320 iniusti
952 2260 1153 2320 damnantur.
1182 2257 1222 2319 62
1237 2257 1278 2322 F.

341 2431 344 2436 ,
369 2360 424 2439 11)
446 2357 639 2424 Combustio
662 2371 789 2423 aeterna
811 2357 996 2441 impiorum.
1026 2361 1066 2422 52
1089 2360 1122 2422 A
1143 2362 1185 2426 E.

367 2461 421 2542 12)
443 2460 632 2546 Corporum
663 2473 695 2526 et
725 2460 824 2526 totius
856 2472 986 2525 naturae
1016 2452 1092 2544 post
1119 2461 1226 2551 ignem
1255 2482 1362 2524 resur-

445 2563 560 2631 rectio.
583 2566 622 2628 51
647 2564 675 2630 C
696 2565 744 2633 D.

269 2677 271 2681 ’
369 2667 424 2748 13)
445 2666 581 2732 Animae
613 2665 835 2732 immortalitas
869 2668 909 2729 ab
943 2664 1073 2730 homine
1108 2665 1266 2750 postulari
1297 2687 1359 2731 non

443 2781 568 2854 potest,
592 2771 648 2831 sed
672 2768 763 2831 unice
786 2789 803 2830 a
831 2767 938 2831 divina
958 2771 1073 2850 pendet
1094 2769 1198 2854 gratia
1221 2770 1260 2832 51
1275 2771 1316 2832 Β.

380 2873 442 2938 IV.
484 2870 694 2952 Simplicitas
709 2870 987 2937 cerimoniarum.
1031 2870 1084 2936 cf.
1099 2871 1272 2954 praecipue
1287 2893 1356 2934 cru·

317 2997 386 3040 cem
415 2993 482 3037 non
512 2975 674 3034 adoratam
703 2973 759 3052 (11
787 2973 831 3050 Β)
860 2993 931 3034 cum
956 2961 1149 3036 Tertulliani
1173 2976 1234 3036 hac
1261 2973 1293 3036 in
1320 2994 1354 3036 re

316 3073 544 3160 superstitione
563 3076 622 3154 10),
646 3085 739 3159 atque
762 3095 833 3140 aras
857 3095 874 3137 a
894 3073 1088 3139 Christianis
1109 3096 1172 3139 non
1194 3085 1355 3158 usurpatas
1453 3088 1454 3093 ’

316 3181 370 3262 (di
396 3180 442 3258 D)
469 3201 539 3240 cum
563 3179 674 3242 eodem
698 3179 796 3242 Patre
814 3176 933 3261 passim
956 3200 1026 3240 aras
1051 3189 1083 3242 et
1105 3177 1231 3255 altaria,
1254 3201 1354 3242 sacer·

317 3284 408 3346 dotes
430 3292 461 3344 et
482 3278 641 3387 sacrificia
665 3278 923 3345 Christianorum
942 3280 1102 3344 laudante.

337 3569 382 3636 ¹9)
403 3570 561 3640 Desperatis
576 3575 650 3623 enim
665 3569 747 3624 rebus
760 3572 903 3638 humanis,
923 3589 981 3624 non
994 3570 1137 3625 divinabat
1150 3571 1292 3624 Minucius
1305 3567 1350 3623 dl-

313 3649 416 3697 vinirus
430 3661 554 3698 exortam
567 3645 656 3699 lucem
671 3640 780 3699 animos
794 3650 886 3699 servili
900 3667 972 3699 nexu
983 3647 1134 3700 soluturam
1145 3649 1250 3714 (Meter
1260 3664 1285 3719 p.
1295 3648 1349 3711 39).

352 3725 400 3786 10)
422 3720 523 3773 Cornu.
544 3725 571 3778 ὅ.
612 3721 662 3774 Ad
683 3739 789 3774 omnem
812 3740 998 3792 progressum
1022 3731 1105 3793 atque
1120 3730 1295 3795 promotum,
1314 3720 1351 3771 ad

191 3813 200 3821 ‘
255 3807 263 3824 '
313 3810 421 3846 omnem
440 3795 598 3861 adiuuaret
615 3803 738 3864 exitum,
757 3796 798 3847 ad
812 3799 950 3865 lavacra,
971 3798 1011 3849 ad
1028 3815 1157 3863 mensas,
1177 3797 1218 3848 ad
1232 3797 1346 3862 lumina,

311 3869 351 3920 ad
361 3871 480 3937 esibilia,
501 3871 541 3921 ad
550 3871 667 3937 sedilia,
688 3890 847 3944 quacunque
860 3891 912 3924 nos
923 3878 1105 3926 conversatio
1118 3880 1248 3938 exercet,
1260 3869 1348 3941 frore-

311 3952 368 3996 tem
384 3949 474 3998 crucis
494 3948 642 4014 signaculo
664 3953 789 4000 terimus.
828 3947 872 4003 ud
890 3967 936 4001 ux.
957 3951 993 4003 ΙΙ.
1014 3952 1040 4008 5.
1078 3946 1226 4000 Latebisne
1245 3953 1277 3998 tu
1291 3963 1347 4000 cum

310 4018 459 4090 heticium,
481 4036 543 4074 cum
562 4024 754 4092 corpusculum
772 4030 851 4077 tuum
871 4023 994 4093 signas?
