2950 4492
1103 271 1179 317 xvii

129 393 267 479 potest,
289 380 438 454 'ocultum
470 406 528 454 eos
562 385 761 453 adhibuisse
794 393 833 453 in
865 389 1018 474 dependis
1050 394 1177 475 priscis
1283 405 1291 414 ·

131 499 392 567 characteribus
426 503 679 584 caesenatem,
713 519 778 587 qeeo
807 505 1011 586 saepissime
1037 500 1177 584 factum

130 618 201 702 est,
223 617 265 678 nt
278 631 348 678 non
366 617 441 676 tam
459 616 633 676 sinceram
651 610 834 688 tectionem
847 629 951 698 qnam
969 617 1044 678 eins
1064 616 1175 678 oesti-

129 729 190 810 9ia
210 725 444 810 prodiderint,
467 742 530 806 per
548 741 636 810 quac
659 727 721 786 oie
736 721 951 808 pedetentim
970 724 1019 787 ad
1039 729 1175 790 cerita-

129 839 201 900 tem
222 836 369 899 coaderc
394 839 581 916 potuimus.

191 943 235 1022 2)
257 945 301 1010 D.
323 943 473 1010 Arnobii
495 943 580 1030 Afri
609 949 851 1011 commentarii
873 950 911 1009 in
934 964 1051 1012 omnes
1072 947 1174 1032 psat-

128 1077 203 1124 mos
235 1077 282 1122 ea
314 1057 556 1123 emendatione
587 1056 764 1122 Desiderii
798 1056 967 1140 Erasmi3
984 1068 989 1078 ‘
1004 1058 1176 1123 accedunt

129 1170 284 1234 eiusdem
304 1166 453 1234 Arnobii
472 1169 752 1254 disputationum
770 1187 802 1231 a.
819 1189 852 1252 p.
871 1168 905 1231 u.
932 1165 1029 1232 Vin.
1049 1186 1097 1233 eu
1114 1187 1174 1233 re-

127 1283 289 1344 censione
306 1277 526 1365 Sipisneundi
539 1275 687 1346 decerni
713 1277 800 1342 Bas.
813 1297 860 1342 eu
873 1277 1009 1364 bibliop.
1018 1277 1170 1344 Froben.

132 1387 258 1456 1560.
301 1385 356 1456 8⁰.
668 1427 669 1432 κ

191 1497 234 1576 3)
261 1496 377 1588 Opera
399 1499 613 1582 Tertuiiiani
633 1505 669 1566 et
687 1499 837 1567 Arnobii
860 1506 1025 1591 pcotpeot
1042 1501 1087 1566 ab
1114 1506 1173 1567 in-

128 1615 237 1677 teritu
258 1613 432 1697 moidicart
447 1630 659 1676 summorum
678 1617 832 1677 uirorum
847 1613 1025 1675 industria
1046 1617 1174 1697 potue-

128 1726 230 1806 runt,
262 1741 340 1788 cum
361 1727 517 1787 osterum
539 1721 813 1811 exemplarium,
846 1728 922 1788 tum
943 1727 1175 1788 recentiorum

128 1832 313 1897 collatione
340 1837 523 1918 restincta,
551 1835 635 1898 locis
662 1837 860 1918 scripturae
889 1837 996 1897 aucta
1025 1838 1062 1897 ct
1088 1834 1174 1898 ittu-

126 1945 245 2007 strata
275 1947 533 2009 commentariis
561 1948 625 2007 cct.
683 1939 811 2008 Omnia
839 1945 956 2008 studio
985 1949 1022 2007 et
1053 1943 1172 2008 babere

127 2051 252 2118 lienoti
271 2053 444 2118 Laurentii
470 2054 511 2119 de
529 2056 563 2119 ia
581 2053 689 2118 Barre
739 2051 826 2119 Par.
849 2074 906 2141 ap.
936 2051 1033 2122 buit.
1057 2052 1172 2120 heha-

127 2182 212 2228 num
233 2163 472 2230 MDLXXX.
499 2164 527 2249 f.

128 2273 241 2342 Praei.
276 2275 565 2363 Disputationum
593 2277 671 2342 ado.
701 2299 732 2364 9.
760 2277 795 2343 o.
825 2274 921 2342 Vin.
952 2275 1175 2362 Sipisraundi

278 2383 419 2454 Getam
436 2408 521 2454 cura
541 2393 723 2476 custipati,
738 2386 969 2471 (conservato
982 2389 1173 2475 religiosio-⁴

274 2499 356 2562 sime
375 2501 449 2582 ipsa
470 2502 741 2586 interpunctione
760 2503 795 2564 et
816 2502 968 2566 omnibus
983 2500 1174 2565 Frobenio-

274 2627 391 2674 nerum
406 2621 581 2693 operarum
598 2612 783 2693 erroribus,
806 2629 890 2693 quos
899 2611 1071 2676 Meursius
1086 2613 1174 2674 tom-

276 2739 373 2806 qusm
399 2720 529 2788 codicis
550 2723 714 2787 lectiones
742 2719 944 2794 emendavit)
973 2727 1009 2786 et
1032 2720 1177 2814 scholiis
1234 2743 1239 2748 “

276 2833 432 2897 eiusdem
450 2833 492 2897 de
511 2833 547 2897 ta
560 2832 676 2896 Barre
693 2833 865 2897 illustrati
880 2852 959 2898 cam
976 2833 1091 2896 iiidice
1108 2835 1173 2897 cet.

338 2941 483 3029 Diatopi
503 2941 606 3008 huius
627 2942 777 3008 Amabit
798 2947 871 3008 sire
892 2948 1009 3025 potius
1024 2941 1174 3008 Minutti

214 3037 222 3050 ’
274 3053 408 3120 Felicis
425 3056 518 3120 idom
538 3059 593 3120 est
613 3058 812 3140 arpumenti
828 3052 951 3119 modus
973 3059 1077 3142 atque
1096 3071 1172 3117 me-

273 3167 402 3234 thodus
440 3172 543 3256 atquc
577 3164 649 3250 picit
682 3164 863 3231 Florentis
894 3163 1108 3230 Tertulliani
1134 3168 1173 3228 in

274 3283 500 3369 apotopetico,
515 3280 607 3345 unde
620 3275 729 3361 facite
745 3277 901 3365 credam,
918 3281 1074 3341 rationes
1087 3294 1173 3340 suas

274 3391 468 3459 Minatium
488 3391 729 3478 descripsisse,
752 3405 830 3452 cum
850 3389 1045 3452 sententias
1064 3390 1174 3449 etiam

274 3507 450 3593 intem-as,
472 3507 595 3590 paucis
616 3499 856 3589 utaliquando
875 3497 982 3561 ocultis
1002 3499 1173 3560 immuta-

275 3617 341 3703 tis,
373 3615 635 3700 deprompserit.
664 3639 703 3652 -
732 3610 830 3676 Eum
862 3612 954 3674 enim
988 3605 1175 3672 authorem

275 3724 378 3792 huius
401 3725 480 3790 tion
498 3723 638 3810 faciant
659 3721 898 3810 Sophronias,
920 3717 1172 3806 Hieronymus,

275 3835 507 3926 Lactantius,
538 3834 735 3924 Gpratdus,
766 3831 936 3899 Sermonis
956 3847 1086 3918 quoquc
1108 3831 1172 3893 cet.

190 3946 259 4016 ΙΙΙ.
297 3947 335 4023 1)
351 3948 402 4014 M.
411 3947 560 4014 Miranti
569 3946 716 4034 Felicis,
735 3944 887 4010 Romani
899 3940 981 4006 otim
993 3940 1172 4029 causidici,

129 4057 307 4150 Octauius,
323 4063 360 4127 in
370 4077 436 4149 quo
448 4065 568 4148 apitur
581 4064 737 4125 ceterum
753 4051 1036 4121 Christianorum
1051 4071 1172 4139 causa,

484 4189 486 4193 ’
801 4185 819 4234 2
