2950 4492
1149 244 1197 328 vij

20 425 24 434 ·
154 399 548 496 giumsuperesseetiam
561 398 701 462 aiterum
712 395 962 486 Burgundicum
974 399 1205 468 siveBrnxel-

156 530 285 593 lensem
307 521 450 587 Arnobii
473 523 507 585 ei
528 517 680 585 Miuueii.

190 669 196 673 ·
221 639 269 726 ΙΙ)
298 636 1202 711 probabiliterdemonstravitunitor-codicemeoron-

157 771 234 836 denr
249 768 466 851 Vaticanum,
495 783 537 829 ex
560 781 623 849 quo
645 782 808 848 expressa
827 768 880 829 est
898 762 1013 829 Editio
1031 767 1204 853 princeps,

159 891 328 957 diversum
346 907 422 954 esse
439 905 460 952 a
477 887 598 976 Regio.
619 885 869 971 Verumtamen,
879 891 918 952 ui
932 887 997 954 iroc
1008 907 1148 973 prorsus
1159 888 1205 954 ad

158 1012 318 1098 liquidum
336 1008 555 1094 perducatur,
572 1023 721 1073 necesse
739 1010 794 1072 eat
808 1007 917 1074 denuo
932 1008 1126 1097 philologus
1140 1013 1205 1075 aii-

158 1137 235 1220 quis
252 1133 424 1198 Pontiiicis
438 1131 570 1197 maximi
585 1128 819 1194 bibliothecam
837 1133 995 1196 accurate
1009 1133 1206 1215 perscruie-
1296 1197 1299 1204 ,

159 1259 231 1342 tur3
246 1273 302 1320 res
316 1256 430 1340 utique
449 1252 566 1338 digna,
580 1269 676 1336 quam
687 1250 866 1335 aliquando
878 1255 1106 1337 exsequantur
1116 1251 1207 1319 docii
1273 1253 1277 1261 '

158 1377 209 1441 ilii
230 1376 412 1440 Borussiae
437 1376 531 1464 regis
552 1375 675 1462 legati,
698 1373 817 1458 quibus
838 1375 970 1440 facilior
992 1393 1089 1461 quam
1110 1377 1208 1441 nobis

162 1497 207 1563 ad
228 1496 422 1564 reconditos
445 1497 520 1560 illos
542 1495 720 1559 thesauros
743 1498 838 1579 patet
859 1496 981 1562 aditus.

225 1612 293 1696 Ill)
320 1618 439 1704 Longe
461 1617 586 1681 certius
608 1632 696 1680 nunc
718 1632 818 1698 quarn
838 1622 940 1678 antea
961 1619 1099 1702 scimus,
1130 1617 1208 1701 quid

161 1748 294 1826 quoque
316 1740 397 1802 loco·
420 1735 577 1802 exhibeat
603 1731 719 1802 Codex
744 1734 892 1820 Regius,
916 1734 1004 1801 unde
1029 1755 1120 1802 nova
1147 1756 1209 1803 oc-

160 1863 253 1928 casio
293 1857 431 1924 offertur
467 1853 600 1925 Criticis
638 1859 673 1921 in
710 1856 775 1922 hoc
812 1858 972 1942 opusculo
1005 1861 1097 1924 vires
1128 1880 1208 1926 suas

137 1981 354 2049 ,exercendi
410 2053 415 2058 ⁸
528 1991 532 2002 ‘

226 2098 288 2186 IV)
310 2104 481 2194 Purgatus
504 2106 569 2169 iam
585 2107 636 2168 esi
654 2102 787 2169 libellus
801 2087 874 2186 ipse
889 2119 910 2165 a
925 2102 1034 2165 maltis
1052 2102 1125 2168 VV.
1136 2102 1209 2167 DI).
1284 2187 1288 2193 .

161 2226 364 2291 coniecturis
405 2227 500 2291 nimis
546 2226 733 2291 arbitrariis
778 2226 879 2309 atque
927 2224 1031 2288 omnis
1073 2227 1209 2313 generis

165 2349 343 2413 erroribus

229 2463 300 2534 Sed
317 2487 379 2552 per
398 2469 483 2534 hanc
499 2471 603 2553 ipsam
618 2470 714 2534 amici
733 2488 845 2534 curam
858 2485 1012 2554 magnum
1026 2466 1103 2529 mihi
1114 2469 1210 2532 exci-

163 2590 271 2652 tatum
289 2591 341 2652 est
361 2587 576 2675 desiderium,
595 2593 632 2652 ut
651 2591 747 2653 simili
763 2589 1050 2676 diligentiamque
1065 2606 1209 2653 accura-

164 2711 274 2794 tione,
298 2709 460 2772 consultis
480 2703 584 2773 Codd.
601 2708 713 2797 Regio
735 2714 770 2774 et
787 2708 1017 2794 Bruxeliensi,
1041 2727 1084 2773 ne
1103 2708 1210 2774 dicam

92 2821 95 2830 ’
165 2828 348 2911 Vaticano,
363 2829 401 2892 si
426 2847 546 2913 reapse
569 2831 654 2895 alius
675 2834 726 2895 est
749 2850 770 2895 a
791 2831 920 2919 Regio,
952 2848 1043 2894 nova
1058 2829 1211 2919 Arnobii‚
1263 2847 1268 2854 ·

165 2951 340 3032 scriptoris
355 2949 507 3016 Minucio
532 2953 634 3040 longe
660 2954 941 3038 praestabilioris,
966 2953 1120 3017 recensio
1145 2953 1212 3016 ali-

115 3095 122 3110 ·
167 3071 299 3157 quando
317 3073 464 3155 paretur.
485 3073 587 3138 Immo
601 3075 628 3137 si
645 3091 717 3152 cum
737 3076 886 3139 omnibus
899 3076 990 3138 vitiis
1005 3073 1213 3158 exprimere-
1297 3163 1301 3170 Ι

166 3196 221 3258 tur
232 3187 349 3259 Codex
356 3192 504 3282 Regius,
518 3196 801 3281 subiungereniur
812 3197 960 3260 varietas
970 3189 1052 3261 Cod.
1063 3190 1212 3258 Bruxel-

166 3315 270 3378 iensis
282 3317 528 3410 separatimque
541 3313 785 3400 probabiliores
796 3315 869 3381 VV.
878 3316 951 3381 Di).
967 3316 1213 3395 correctiones,

167 3436 339 3522 egregium
355 3435 419 3502 hoc
432 3441 563 3523 quoque
579 3441 670 3502 esset
682 3439 809 3503 criticis
822 3439 1018 3522 praesertim
1031 3434 1214 3499 iunioribus

118 3582 122 3596 ·
167 3548 325 3622 Codicum
356 3557 550 3624 Latinorum
582 3559 726 3624 indolem
756 3561 948 3622 uniuersam
972 3558 1107 3640 penitus
1131 3573 1213 3641 pcr-

166 3674 329 3761 spiciendi
352 3679 585 3766 ingeniumque
605 3679 747 3746 acuendi
770 3678 1001 3744 adiumentum.
1028 3711 1038 3719 ·
1062 3754 1065 3760 Ι

229 3798 300 3863 lam
321 3797 463 3864 Muralti
483 3799 738 3891 Prolegomenis
755 3802 841 3867 haec
862 3798 963 3865 adde:

232 3919 420 3984 Editionem
442 3920 581 3986 Heraldi
605 3925 749 4006 priorem
776 3942 806 3988 a.
840 3915 971 4005 idua,
1005 3937 1100 4004 quam
1124 3937 1214 3982 nun·
1308 3933 1311 3940 ·
