2950 4492
353 1089 433 1162 1⁰.
472 1083 653 1162 GASP.
697 1087 981 1158 dammi

458 1413 885 1499 PRAEFATIO·

80 1747 87 1764 l
211 1781 347 1870 Editor,
376 1777 595 1848 Eduardus
626 1778 673 1846 de
700 1778 906 1868 Muralto,
940 1796 1036 1866 quem
1065 1779 1197 1860 optimis
1304 1838 1306 1841 .

140 1905 230 1970 meis
246 1904 511 1990 discipulis‘vere
527 1922 662 1988 possum
674 1899 911 1989 adnumerare,
928 1920 1000 1968 cum
1012 1920 1073 1986 per
1083 1903 1197 1967 varies

142 2023 347 2093 Germaniae
367 2024 555 2091 academias
573 2001 767 2114 theologiae
789 2025 823 2088 et
841 2021 1045 2112 philologiae
1062 2042 1197 2109 operam

142 2145 315 2232 dedisset,
342 2147 508 2212 Lutetiam
530 2145 734 2211 Parisiorum
757 2162 834 2210 sese
858 2144 1008 2218 contulit.
1045 2146 1097 2210 lbi
1123 2163 1197 2210 cum

142 2246 1201 2358 perlonginquiustemporisspatiumdegerenollet,quamquod

142 2382 374 2475 requireretur
399 2390 442 2454 ad
461 2390 697 2456 elaborandum
720 2390 915 2475 oparseulum
935 2386 1086 2473 aliquod,
1108 2384 1197 2471 quod

143 2513 322 2597 utriusque
355 2511 472 2595 studii,
510 2514 562 2576 cui
588 2481 746 2594 uacaret,
780 2479 864 2574 viris
893 2509 1001 2573 doctis
1027 2509 1198 2591 specimen

143 2634 343 2715 praeberet,
368 2631 510 2695 Minucii
528 2631 652 2695 Felicis
673 2630 851 2697 Octavium
866 2630 908 2694 ad
930 2629 1024 2694 sidem
1040 2629 1198 2694 celebra·

142 2752 265 2815 tissimi
277 2751 365 2812 iilius
375 2747 510 2814 Codicis
521 2749 622 2838 llegii
648 2743 765 2834 (unici,
784 2756 819 2814 ut
834 2769 948 2815 omnes
960 2754 1038 2817 ante
1050 2750 1198 2836 arbitra-

142 2872 286 2950 bantur,
303 2870 399 2934 huius
411 2862 525 2950 libelii)
541 2871 641 2936 edere
653 2871 815 2937 decrevit.
843 2870 998 2937 Codicem
1014 2873 1118 2964 igitur
1129 2890 1198 2934 non
1324 2905 1328 2910 .

148 2992 292 3057 contulit
309 3010 381 3056 cum
398 2990 543 3058 editione
559 2994 684 3078 aliqua,
699 2977 761 3058 sed
776 2997 942 3080 integrum
957 3012 1029 3058 eum
1047 2992 1197 3056 omnibus
1296 3037 1298 3040 -

150 3113 319 3177 erroribus
338 3111 531 3198 descripsit,
551 3134 615 3198 quo
626 3113 733 3178 redux
746 3116 779 3177 in
791 3117 932 3199 patriam
946 3114 1058 3178 lactus
1070 3112 1111 3178 de
1124 3113 1196 3177 eius

149 3233 295 3298 lectione
314 3253 453 3317 prorsus
473 3239 564 3300 esset
580 3241 701 3300 certus.
725 3236 796 3300 Iam
817 3254 891 3300 eum
910 3235 1121 3300 iteri’aceret
1131 3249 1198 3323 per

39 3450 43 3461 .
149 3349 293 3441 Belgas,
312 3348 471 3444 conligit,
494 3360 531 3419 ut
547 3357 716 3421 Bruxellis
735 3358 834 3442 alium
846 3355 988 3421 Arriobii
1005 3359 1038 3419 et
1052 3354 1196 3419 Minucii
1310 3387 1319 3403 ‹

150 3469 306 3540 Codioem
324 3479 489 3559 reperiret
504 3479 681 3563 statimque
702 3495 776 3543 eum
791 3467 1030 3558 conterret*);
1060 3493 1124 3558 quo
1142 3475 1198 3537 in-

150 3637 431 3652 m

203 3756 226 3824 *l
245 3761 312 3812 Cum
319 3763 1199 3830 tamenhuncCodieemlturguudieumnontotumdeseripsissoi,

152 3848 263 3900 domum
283 3865 409 3904 reversus
432 3853 465 3904 de
485 3853 590 3917 aliquot
608 3855 667 3906 eius
681 3855 845 3908 lectionibus
862 3855 997 3914 incertus,
1017 3855 1090 3906 haue
1110 3855 1198 3918 ipsam

153 3935 349 3992 dubitationem
371 3941 408 3991 iia
430 3941 592 4005 significarit
611 3942 649 3993 G?

336 4205 339 4220 ¹
465 4171 678 4259 ‘wad
774 4228 777 4233 ,
