<?xml version="1.0" encoding="UTF-8"?>
<!DOCTYPE html PUBLIC "-//W3C//DTD XHTML 1.0 Transitional//EN"
    "http://www.w3.org/TR/xhtml1/DTD/xhtml1-transitional.dtd">
<html xmlns="http://www.w3.org/1999/xhtml" xml:lang="en" lang="en">
 <head>
  <title>
</title>
<meta http-equiv="Content-Type" content="text/html;charset=utf-8" />
  <meta name='ocr-system' content='tesseract 3.04.00' />
  <meta name='ocr-capabilities' content='ocr_page ocr_carea ocr_par ocr_line ocrx_word'/>
</head>
<body>
  <div class='ocr_page' id='page_1' title='image "./mminuciifelicis00muragoog/mminuciifelicis00muragoog_0031.png"; bbox 0 0 2950 4492; ppageno 0'>
   <div class='ocr_carea' id='block_1_1' title="bbox 1112 303 1162 349">
    <p class='ocr_par' dir='ltr' id='par_1_1' title="bbox 1112 303 1162 349">
     <span class='ocr_line' id='line_1_1' title="bbox 1112 303 1162 349; baseline 0 0"><span class='ocrx_word' id='word_1_1' title='bbox 1112 303 1162 349; x_wconf 78' lang='lat' dir='ltr'><strong><em>XV</em></strong></span> 
     </span>
    </p>
   </div>
   <div class='ocr_carea' id='block_1_2' title="bbox 115 411 1168 3291">
    <p class='ocr_par' dir='ltr' id='par_1_2' title="bbox 117 411 1168 2263">
     <span class='ocr_line' id='line_1_2' title="bbox 120 411 1166 503; baseline 0.012 -27"><span class='ocrx_word' id='word_1_2' title='bbox 120 411 309 484; x_wconf 82' lang='lat' dir='ltr'><strong><em>decantari</em></strong></span> <span class='ocrx_word' id='word_1_3' title='bbox 336 417 372 478; x_wconf 92' lang='lat' dir='ltr'><strong><em>ct</em></strong></span> <span class='ocrx_word' id='word_1_4' title='bbox 397 415 551 503; x_wconf 77' lang='lat' dir='ltr'><strong><em>eucolui,</em></strong></span> <span class='ocrx_word' id='word_1_5' title='bbox 585 413 705 481; x_wconf 87' lang='lat' dir='ltr'><strong><em>dedico</em></strong></span> <span class='ocrx_word' id='word_1_6' title='bbox 726 420 763 482; x_wconf 88' lang='lat' dir='ltr'><strong><em>et</em></strong></span> <span class='ocrx_word' id='word_1_7' title='bbox 780 419 870 485; x_wconf 83' lang='lat' dir='ltr'><strong><em>dorro</em></strong></span> <span class='ocrx_word' id='word_1_8' title='bbox 888 416 924 494; x_wconf 68' lang='lat'><strong><em>⁴).</em></strong></span> <span class='ocrx_word' id='word_1_9' title='bbox 969 419 1050 486; x_wconf 79' lang='lat' dir='ltr'><strong><em>lum</em></strong></span> <span class='ocrx_word' id='word_1_10' title='bbox 1072 428 1166 489; x_wconf 80' lang='lat' dir='ltr'><strong><em>cotim</em></strong></span> 
     </span>
     <span class='ocr_line' id='line_1_3' title="bbox 120 522 1166 617; baseline 0.011 -29"><span class='ocrx_word' id='word_1_11' title='bbox 120 522 202 588; x_wconf 89' lang='lat' dir='ltr'><strong><em>belli</em></strong></span> <span class='ocrx_word' id='word_1_12' title='bbox 220 543 317 589; x_wconf 88' lang='lat' dir='ltr'><strong><em>meus</em></strong></span> <span class='ocrx_word' id='word_1_13' title='bbox 334 529 387 590; x_wconf 90' lang='lat' dir='ltr'><strong><em>cst</em></strong></span> <span class='ocrx_word' id='word_1_14' title='bbox 404 523 599 615; x_wconf 80' lang='lat' dir='ltr'><strong><em>Arnobins,</em></strong></span> <span class='ocrx_word' id='word_1_15' title='bbox 625 547 725 617; x_wconf 77' lang='lat' dir='ltr'><strong><em>mrem</em></strong></span> <span class='ocrx_word' id='word_1_16' title='bbox 741 547 760 592; x_wconf 91' lang='lat' dir='ltr'><strong><em>e</em></strong></span> <span class='ocrx_word' id='word_1_17' title='bbox 776 531 892 595; x_wconf 89' lang='lat' dir='ltr'><strong><em>media</em></strong></span> <span class='ocrx_word' id='word_1_18' title='bbox 912 531 1074 600; x_wconf 87' lang='lat' dir='ltr'><strong><em>barbarie</em></strong></span> <span class='ocrx_word' id='word_1_19' title='bbox 1095 554 1166 600; x_wconf 92' lang='lat' dir='ltr'><strong><em>non</em></strong></span> 
     </span>
     <span class='ocr_line' id='line_1_4' title="bbox 119 635 1168 729; baseline 0.008 -28"><span class='ocrx_word' id='word_1_20' title='bbox 119 640 196 701; x_wconf 84' lang='lat' dir='ltr'><strong><em>sinc</em></strong></span> <span class='ocrx_word' id='word_1_21' title='bbox 226 635 408 723; x_wconf 85' lang='lat' dir='ltr'><strong><em>dispendio</em></strong></span> <span class='ocrx_word' id='word_1_22' title='bbox 437 641 473 702; x_wconf 89' lang='lat' dir='ltr'><strong><em>ct</em></strong></span> <span class='ocrx_word' id='word_1_23' title='bbox 500 643 644 703; x_wconf 86' lang='lat' dir='ltr'><strong><em>crimine</em></strong></span> <span class='ocrx_word' id='word_1_24' title='bbox 673 644 860 726; x_wconf 82' lang='lat' dir='ltr'><strong><em>eripuerim</em></strong></span> <span class='ocrx_word' id='word_1_25' title='bbox 878 639 924 729; x_wconf 79' lang='lat'><strong><em>⁵),·</em></strong></span> <span class='ocrx_word' id='word_1_26' title='bbox 952 650 994 710; x_wconf 95' lang='lat' dir='ltr'><strong><em>ut</em></strong></span> <span class='ocrx_word' id='word_1_27' title='bbox 1014 645 1076 711; x_wconf 89' lang='lat' dir='ltr'><strong><em>sub</em></strong></span> <span class='ocrx_word' id='word_1_28' title='bbox 1099 645 1168 710; x_wconf 88' lang='lat' dir='ltr'><strong><em>tali</em></strong></span> 
     </span>
     <span class='ocr_line' id='line_1_5' title="bbox 119 747 1166 844; baseline 0.011 -32"><span class='ocrx_word' id='word_1_29' title='bbox 119 767 163 812; x_wconf 89' lang='lat' dir='ltr'><strong><em>aa</em></strong></span> <span class='ocrx_word' id='word_1_30' title='bbox 190 754 291 813; x_wconf 78' lang='lat' dir='ltr'><strong><em>lartio</em></strong></span> <span class='ocrx_word' id='word_1_31' title='bbox 323 747 538 836; x_wconf 83' lang='lat' dir='ltr'><em>Imperatore</em></span> <span class='ocrx_word' id='word_1_32' title='bbox 568 756 691 838; x_wconf 92' lang='lat' dir='ltr'><strong><em>tantus</em></strong></span> <span class='ocrx_word' id='word_1_33' title='bbox 712 751 889 838; x_wconf 73' lang='lat' dir='ltr'><strong><em>reliyionls</em></strong></span> <span class='ocrx_word' id='word_1_34' title='bbox 911 762 1166 844; x_wconf 71' lang='lat' dir='ltr'><strong><em>antestananus</em></strong></span> 
     </span>
     <span class='ocr_line' id='line_1_6' title="bbox 118 853 1165 951; baseline 0.006 -25"><span class='ocrx_word' id='word_1_35' title='bbox 118 866 157 926; x_wconf 89' lang='lat' dir='ltr'><strong><em>in</em></strong></span> <span class='ocrx_word' id='word_1_36' title='bbox 179 859 271 925; x_wconf 87' lang='lat' dir='ltr'><strong><em>Deos</em></strong></span> <span class='ocrx_word' id='word_1_37' title='bbox 283 853 449 946; x_wconf 52' lang='lat' dir='ltr'><strong><em>:accillum</em></strong></span> <span class='ocrx_word' id='word_1_38' title='bbox 455 912 465 951; x_wconf 68' lang='lat'><em>7</em></span> <span class='ocrx_word' id='word_1_39' title='bbox 487 867 578 928; x_wconf 90' lang='lat' dir='ltr'><strong><em>ritus</em></strong></span> <span class='ocrx_word' id='word_1_40' title='bbox 600 883 704 928; x_wconf 87' lang='lat' dir='ltr'><strong><em>sacra</em></strong></span> <span class='ocrx_word' id='word_1_41' title='bbox 726 871 763 930; x_wconf 87' lang='lat' dir='ltr'><strong><em>et</em></strong></span> <span class='ocrx_word' id='word_1_42' title='bbox 785 871 992 933; x_wconf 70' lang='lat' dir='ltr'><strong><em>cerimonias</em></strong></span> <span class='ocrx_word' id='word_1_43' title='bbox 1013 869 1165 934; x_wconf 82' lang='lat' dir='ltr'><strong><em>calidius</em></strong></span> 
     </span>
     <span class='ocr_line' id='line_1_7' title="bbox 118 971 1165 1066; baseline 0.009 -30"><span class='ocrx_word' id='word_1_44' title='bbox 118 971 342 1058; x_wconf 71' lang='lat' dir='ltr'><strong><em>dialadietur.</em></strong></span> <span class='ocrx_word' id='word_1_45' title='bbox 389 971 503 1060; x_wconf 73' lang='lat' dir='ltr'><strong><em>Spero</em></strong></span> <span class='ocrx_word' id='word_1_46' title='bbox 533 974 690 1057; x_wconf 74' lang='lat' dir='ltr'><strong><em>callidem</em></strong></span> <span class='ocrx_word' id='word_1_47' title='bbox 717 977 781 1042; x_wconf 90' lang='lat' dir='ltr'><strong><em>sub</em></strong></span> <span class='ocrx_word' id='word_1_48' title='bbox 806 983 877 1044; x_wconf 88' lang='lat' dir='ltr'><strong><em>tuis</em></strong></span> <span class='ocrx_word' id='word_1_49' title='bbox 902 984 1011 1066; x_wconf 72' lang='lat' dir='ltr'><strong><em>alands</em></strong></span> <span class='ocrx_word' id='word_1_50' title='bbox 1032 998 1165 1065; x_wconf 76' lang='lat' dir='ltr'><strong><em>propit-</em></strong></span> 
     </span>
     <span class='ocr_line' id='line_1_8' title="bbox 118 1081 1165 1179; baseline 0.007 -32"><span class='ocrx_word' id='word_1_51' title='bbox 118 1084 255 1149; x_wconf 90' lang='lat' dir='ltr'><strong><em>diosum</em></strong></span> <span class='ocrx_word' id='word_1_52' title='bbox 277 1081 447 1176; x_wconf 87' lang='lat' dir='ltr'><strong><em>Dioorum</em></strong></span> <span class='ocrx_word' id='word_1_53' title='bbox 480 1105 617 1174; x_wconf 70' lang='lat' dir='ltr'><strong><em>yrcyem</em></strong></span> <span class='ocrx_word' id='word_1_54' title='bbox 646 1093 684 1152; x_wconf 88' lang='lat' dir='ltr'><strong><em>in</em></strong></span> <span class='ocrx_word' id='word_1_55' title='bbox 711 1087 835 1175; x_wconf 67' lang='lat' dir='ltr'><strong><em>funum</em></strong></span> <span class='ocrx_word' id='word_1_56' title='bbox 857 1109 1038 1156; x_wconf 81' lang='lat' dir='ltr'><strong><em>uersurum</em></strong></span> <span class='ocrx_word' id='word_1_57' title='bbox 1061 1096 1165 1179; x_wconf 74' lang='lat' dir='ltr'><strong><em>atque</em></strong></span> 
     </span>
     <span class='ocr_line' id='line_1_9' title="bbox 118 1195 1166 1286; baseline 0.007 -28"><span class='ocrx_word' id='word_1_58' title='bbox 118 1213 328 1261; x_wconf 81' lang='lat' dir='ltr'><strong><em>eversurum.</em></strong></span> <span class='ocrx_word' id='word_1_59' title='bbox 376 1195 474 1274; x_wconf 89' lang='lat' dir='ltr'><strong><em>Quod</em></strong></span> <span class='ocrx_word' id='word_1_60' title='bbox 500 1201 531 1260; x_wconf 88' lang='lat' dir='ltr'><strong><em>si</em></strong></span> <span class='ocrx_word' id='word_1_61' title='bbox 561 1197 659 1262; x_wconf 88' lang='lat' dir='ltr'><strong><em>illum</em></strong></span> <span class='ocrx_word' id='word_1_62' title='bbox 689 1197 750 1271; x_wconf 90' lang='lat' dir='ltr'><strong><em>(ut</em></strong></span> <span class='ocrx_word' id='word_1_63' title='bbox 771 1204 870 1264; x_wconf 93' lang='lat' dir='ltr'><strong><em>tuum</em></strong></span> <span class='ocrx_word' id='word_1_64' title='bbox 892 1206 947 1266; x_wconf 88' lang='lat' dir='ltr'><strong><em>est</em></strong></span> <span class='ocrx_word' id='word_1_65' title='bbox 966 1196 1166 1286; x_wconf 72' lang='lat' dir='ltr'><strong><em>incaenium)</em></strong></span> 
     </span>
     <span class='ocr_line' id='line_1_10' title="bbox 118 1307 1164 1398; baseline 0.004 -26"><span class='ocrx_word' id='word_1_66' title='bbox 118 1307 261 1393; x_wconf 71' lang='lat' dir='ltr'><strong><em>benique</em></strong></span> <span class='ocrx_word' id='word_1_67' title='bbox 294 1311 522 1395; x_wconf 72' lang='lat' dir='ltr'><strong><em>tractaveris,</em></strong></span> <span class='ocrx_word' id='word_1_68' title='bbox 557 1307 660 1372; x_wconf 89' lang='lat' dir='ltr'><strong><em>multi</em></strong></span> <span class='ocrx_word' id='word_1_69' title='bbox 693 1313 874 1398; x_wconf 71' lang='lat' dir='ltr'><strong><em>utrimque</em></strong></span> <span class='ocrx_word' id='word_1_70' title='bbox 902 1312 1042 1398; x_wconf 69' lang='lat' dir='ltr'><strong><em>linquae</em></strong></span> <span class='ocrx_word' id='word_1_71' title='bbox 1073 1314 1164 1376; x_wconf 83' lang='lat' dir='ltr'><strong><em>scri-</em></strong></span> 
     </span>
     <span class='ocr_line' id='line_1_11' title="bbox 117 1418 1166 1514; baseline 0.002 -30"><span class='ocrx_word' id='word_1_72' title='bbox 117 1425 235 1506; x_wconf 77' lang='lat' dir='ltr'><strong><em>ptores</em></strong></span> <span class='ocrx_word' id='word_1_73' title='bbox 253 1424 311 1506; x_wconf 80' lang='lat' dir='ltr'><strong><em>qui</em></strong></span> <span class='ocrx_word' id='word_1_74' title='bbox 327 1418 538 1514; x_wconf 83' lang='lat' dir='ltr'><strong><em>correlamati</em></strong></span> <span class='ocrx_word' id='word_1_75' title='bbox 555 1424 592 1483; x_wconf 91' lang='lat' dir='ltr'><strong><em>et</em></strong></span> <span class='ocrx_word' id='word_1_76' title='bbox 609 1420 784 1506; x_wconf 82' lang='lat' dir='ltr'><strong><em>deperditi</em></strong></span> <span class='ocrx_word' id='word_1_77' title='bbox 801 1421 1048 1488; x_wconf 74' lang='lat' dir='ltr'><strong><em>desiderantur</em></strong></span> <span class='ocrx_word' id='word_1_78' title='bbox 1069 1428 1166 1487; x_wconf 92' lang='lat' dir='ltr'><strong><em>tam-</em></strong></span> 
     </span>
     <span class='ocr_line' id='line_1_12' title="bbox 118 1530 1167 1621; baseline 0.001 -26"><span class='ocrx_word' id='word_1_79' title='bbox 118 1551 222 1621; x_wconf 75' lang='lat' dir='ltr'><strong><em>quam</em></strong></span> <span class='ocrx_word' id='word_1_80' title='bbox 248 1549 295 1595; x_wconf 80' lang='lat' dir='ltr'><strong><em>en</em></strong></span> <span class='ocrx_word' id='word_1_81' title='bbox 324 1550 408 1619; x_wconf 78' lang='lat' dir='ltr'><strong><em>equo</em></strong></span> <span class='ocrx_word' id='word_1_82' title='bbox 435 1530 588 1595; x_wconf 72' lang='lat' dir='ltr'><strong><em>Troiano</em></strong></span> <span class='ocrx_word' id='word_1_83' title='bbox 617 1531 807 1616; x_wconf 85' lang='lat' dir='ltr'><strong><em>prodibunt</em></strong></span> <span class='ocrx_word' id='word_1_84' title='bbox 834 1537 872 1596; x_wconf 93' lang='lat' dir='ltr'><strong><em>in</em></strong></span> <span class='ocrx_word' id='word_1_85' title='bbox 901 1533 1029 1621; x_wconf 80' lang='lat' dir='ltr'><strong><em>lucem,</em></strong></span> <span class='ocrx_word' id='word_1_86' title='bbox 1063 1553 1106 1597; x_wconf 93' lang='lat' dir='ltr'><strong><em>ac</em></strong></span> <span class='ocrx_word' id='word_1_87' title='bbox 1130 1538 1167 1597; x_wconf 87' lang='lat' dir='ltr'><strong><em>te</em></strong></span> 
     </span>
     <span class='ocr_line' id='line_1_13' title="bbox 118 1641 1166 1729; baseline 0.002 -23"><span class='ocrx_word' id='word_1_88' title='bbox 118 1642 331 1728; x_wconf 81' lang='lat' dir='ltr'><strong><em>postliminio</em></strong></span> <span class='ocrx_word' id='word_1_89' title='bbox 361 1641 560 1705; x_wconf 88' lang='lat' dir='ltr'><strong><em>salutantes</em></strong></span> <span class='ocrx_word' id='word_1_90' title='bbox 590 1645 626 1704; x_wconf 93' lang='lat' dir='ltr'><strong><em>et</em></strong></span> <span class='ocrx_word' id='word_1_91' title='bbox 652 1646 787 1707; x_wconf 89' lang='lat' dir='ltr'><strong><em>nomini</em></strong></span> <span class='ocrx_word' id='word_1_92' title='bbox 815 1643 1051 1729; x_wconf 78' lang='lat' dir='ltr'><strong><em>undecumque</em></strong></span> <span class='ocrx_word' id='word_1_93' title='bbox 1073 1645 1166 1708; x_wconf 90' lang='lat' dir='ltr'><strong><em>cclc-</em></strong></span> 
     </span>
     <span class='ocr_line' id='line_1_14' title="bbox 119 1752 1166 1841; baseline 0.003 -25"><span class='ocrx_word' id='word_1_94' title='bbox 119 1754 267 1817; x_wconf 87' lang='lat' dir='ltr'><strong><em>bcrrimo</em></strong></span> <span class='ocrx_word' id='word_1_95' title='bbox 291 1757 327 1816; x_wconf 93' lang='lat' dir='ltr'><strong><em>ct</em></strong></span> <span class='ocrx_word' id='word_1_96' title='bbox 346 1756 548 1838; x_wconf 79' lang='lat' dir='ltr'><strong><em>provinciae</em></strong></span> <span class='ocrx_word' id='word_1_97' title='bbox 571 1752 743 1816; x_wconf 81' lang='lat' dir='ltr'><strong><em>laudabili</em></strong></span> <span class='ocrx_word' id='word_1_98' title='bbox 764 1773 867 1840; x_wconf 85' lang='lat' dir='ltr'><strong><em>qrcam</em></strong></span> <span class='ocrx_word' id='word_1_99' title='bbox 885 1759 922 1819; x_wconf 91' lang='lat' dir='ltr'><strong><em>ln</em></strong></span> <span class='ocrx_word' id='word_1_100' title='bbox 939 1753 1063 1841; x_wconf 82' lang='lat' dir='ltr'><strong><em>Remp·</em></strong></span> <span class='ocrx_word' id='word_1_101' title='bbox 1082 1755 1166 1819; x_wconf 89' lang='lat' dir='ltr'><strong><em>lite-</em></strong></span> 
     </span>
     <span class='ocr_line' id='line_1_15' title="bbox 118 1862 1166 1949; baseline 0.004 -21"><span class='ocrx_word' id='word_1_102' title='bbox 118 1869 254 1928; x_wconf 81' lang='lat' dir='ltr'><strong><em>rarium</em></strong></span> <span class='ocrx_word' id='word_1_103' title='bbox 284 1862 468 1926; x_wconf 86' lang='lat' dir='ltr'><strong><em>ditandam</em></strong></span> <span class='ocrx_word' id='word_1_104' title='bbox 497 1867 600 1949; x_wconf 81' lang='lat' dir='ltr'><strong><em>atque</em></strong></span> <span class='ocrx_word' id='word_1_105' title='bbox 636 1863 880 1929; x_wconf 68' lang='lat' dir='ltr'><strong><em>edomandam</em></strong></span> <span class='ocrx_word' id='word_1_106' title='bbox 903 1863 1057 1948; x_wconf 80' lang='lat' dir='ltr'><strong><em>feliciter</em></strong></span> <span class='ocrx_word' id='word_1_107' title='bbox 1084 1887 1166 1932; x_wconf 88' lang='lat' dir='ltr'><strong><em>sus-</em></strong></span> 
     </span>
     <span class='ocr_line' id='line_1_16' title="bbox 119 1972 1165 2062; baseline 0.003 -23"><span class='ocrx_word' id='word_1_108' title='bbox 119 1977 258 2062; x_wconf 76' lang='lat' dir='ltr'><strong><em>cepisti,</em></strong></span> <span class='ocrx_word' id='word_1_109' title='bbox 275 1972 534 2061; x_wconf 75' lang='lat' dir='ltr'><strong><em>acclamabant,</em></strong></span> <span class='ocrx_word' id='word_1_110' title='bbox 549 1972 768 2058; x_wconf 85' lang='lat' dir='ltr'><strong><em>plaudentet</em></strong></span> <span class='ocrx_word' id='word_1_111' title='bbox 782 1973 1038 2051; x_wconf 67' lang='lat' dir='ltr'><strong><em>anatemati).</em></strong></span> <span class='ocrx_word' id='word_1_112' title='bbox 1068 1976 1137 2042; x_wconf 91' lang='lat' dir='ltr'><strong><em>Val</em></strong></span> <span class='ocrx_word' id='word_1_113' title='bbox 1157 2026 1165 2041; x_wconf 92' lang='lat'><strong>.</strong></span> 
     </span>
     <span class='ocr_line' id='line_1_17' title="bbox 118 2083 1163 2174; baseline 0 -22"><span class='ocrx_word' id='word_1_114' title='bbox 118 2086 251 2152; x_wconf 81' lang='lat' dir='ltr'><strong><em>Romae</em></strong></span> <span class='ocrx_word' id='word_1_115' title='bbox 281 2104 299 2150; x_wconf 92' lang='lat' dir='ltr'><strong><em>e</em></strong></span> <span class='ocrx_word' id='word_1_116' title='bbox 332 2083 535 2150; x_wconf 82' lang='lat' dir='ltr'><strong><em>bibliotheca</em></strong></span> <span class='ocrx_word' id='word_1_117' title='bbox 567 2083 747 2166; x_wconf 82' lang='lat' dir='ltr'><strong><em>Palatina,</em></strong></span> <span class='ocrx_word' id='word_1_118' title='bbox 786 2085 896 2151; x_wconf 86' lang='lat' dir='ltr'><strong><em>calen.</em></strong></span> <span class='ocrx_word' id='word_1_119' title='bbox 933 2085 1163 2174; x_wconf 76' lang='lat' dir='ltr'><strong><em>Septembris.</em></strong></span> 
     </span>
     <span class='ocr_line' id='line_1_18' title="bbox 119 2189 896 2263; baseline -0.001 0"><span class='ocrx_word' id='word_1_120' title='bbox 119 2193 337 2263; x_wconf 81' lang='lat' dir='ltr'><em>MDXLIII.</em></span> <span class='ocrx_word' id='word_1_121' title='bbox 361 2196 507 2260; x_wconf 83' lang='lat' dir='ltr'><strong><em>Faustus</em></strong></span> <span class='ocrx_word' id='word_1_122' title='bbox 529 2189 684 2262; x_wconf 84' lang='lat' dir='ltr'><strong><em>Sabaeas</em></strong></span> <span class='ocrx_word' id='word_1_123' title='bbox 705 2195 896 2262; x_wconf 82' lang='lat' dir='ltr'><strong><em>Brixionus.</em></strong></span> 
     </span>
    </p>

    <p class='ocr_par' dir='ltr' id='par_1_3' title="bbox 115 2307 1166 3291">
     <span class='ocr_line' id='line_1_19' title="bbox 181 2307 1166 2375; baseline 0.002 -2"><span class='ocrx_word' id='word_1_124' title='bbox 181 2311 221 2374; x_wconf 89' lang='lat' dir='ltr'><strong><em>ln</em></strong></span> <span class='ocrx_word' id='word_1_125' title='bbox 254 2309 319 2373; x_wconf 86' lang='lat' dir='ltr'><strong><em>fine</em></strong></span> <span class='ocrx_word' id='word_1_126' title='bbox 351 2308 527 2373; x_wconf 81' lang='lat' dir='ltr'><strong><em>editionis:</em></strong></span> <span class='ocrx_word' id='word_1_127' title='bbox 561 2307 711 2372; x_wconf 84' lang='lat' dir='ltr'><strong><em>Lectori.</em></strong></span> <span class='ocrx_word' id='word_1_128' title='bbox 757 2307 818 2374; x_wconf 82' lang='lat' dir='ltr'><strong><em>En</em></strong></span> <span class='ocrx_word' id='word_1_129' title='bbox 847 2309 912 2374; x_wconf 90' lang='lat' dir='ltr'><strong><em>tibi</em></strong></span> <span class='ocrx_word' id='word_1_130' title='bbox 941 2309 1026 2375; x_wconf 85' lang='lat' dir='ltr'><strong><em>barte</em></strong></span> <span class='ocrx_word' id='word_1_131' title='bbox 1056 2311 1166 2375; x_wconf 87' lang='lat' dir='ltr'><strong><em>lector</em></strong></span> 
     </span>
     <span class='ocr_line' id='line_1_20' title="bbox 117 2419 1165 2510; baseline -0.001 -23"><span class='ocrx_word' id='word_1_132' title='bbox 117 2419 292 2487; x_wconf 84' lang='lat' dir='ltr'><strong><em>Antobius</em></strong></span> <span class='ocrx_word' id='word_1_133' title='bbox 315 2425 408 2485; x_wconf 82' lang='lat' dir='ltr'><strong><em>omiti</em></strong></span> <span class='ocrx_word' id='word_1_134' title='bbox 429 2428 492 2485; x_wconf 88' lang='lat' dir='ltr'><strong><em>suo</em></strong></span> <span class='ocrx_word' id='word_1_135' title='bbox 521 2423 629 2485; x_wconf 82' lang='lat' dir='ltr'><strong><em>rtitori</em></strong></span> <span class='ocrx_word' id='word_1_136' title='bbox 655 2438 744 2506; x_wconf 76' lang='lat' dir='ltr'><strong><em>perte</em></strong></span> <span class='ocrx_word' id='word_1_137' title='bbox 777 2426 978 2510; x_wconf 72' lang='lat' dir='ltr'><strong><em>restitutus7</em></strong></span> <span class='ocrx_word' id='word_1_138' title='bbox 1011 2423 1165 2488; x_wconf 85' lang='lat' dir='ltr'><strong><em>scatebat</em></strong></span> 
     </span>
     <span class='ocr_line' id='line_1_21' title="bbox 118 2529 1164 2617; baseline -0.002 -18"><span class='ocrx_word' id='word_1_139' title='bbox 118 2536 204 2599; x_wconf 86' lang='lat' dir='ltr'><strong><em>enim</em></strong></span> <span class='ocrx_word' id='word_1_140' title='bbox 233 2536 334 2597; x_wconf 84' lang='lat' dir='ltr'><strong><em>antea</em></strong></span> <span class='ocrx_word' id='word_1_141' title='bbox 363 2529 672 2616; x_wconf 70' lang='lat' dir='ltr'><strong><em>caeromeniis,</em></strong></span> <span class='ocrx_word' id='word_1_142' title='bbox 703 2535 783 2615; x_wconf 90' lang='lat' dir='ltr'><strong><em>quot</em></strong></span> <span class='ocrx_word' id='word_1_143' title='bbox 804 2533 917 2598; x_wconf 86' lang='lat' dir='ltr'><strong><em>insunt</em></strong></span> <span class='ocrx_word' id='word_1_144' title='bbox 940 2533 1077 2617; x_wconf 84' lang='lat' dir='ltr'><strong><em>literoe3</em></strong></span> <span class='ocrx_word' id='word_1_145' title='bbox 1105 2538 1164 2597; x_wconf 92' lang='lat' dir='ltr'><strong><em>in-</em></strong></span> 
     </span>
     <span class='ocr_line' id='line_1_22' title="bbox 117 2641 1164 2731; baseline -0.002 -21"><span class='ocrx_word' id='word_1_146' title='bbox 117 2663 264 2711; x_wconf 87' lang='lat' dir='ltr'><strong><em>numera</em></strong></span> <span class='ocrx_word' id='word_1_147' title='bbox 287 2644 510 2727; x_wconf 83' lang='lat' dir='ltr'><strong><em>sustulimus3</em></strong></span> <span class='ocrx_word' id='word_1_148' title='bbox 543 2643 716 2731; x_wconf 77' lang='lat' dir='ltr'><strong><em>quaedam</em></strong></span> <span class='ocrx_word' id='word_1_149' title='bbox 737 2641 781 2706; x_wconf 90' lang='lat' dir='ltr'><strong><em>de</em></strong></span> <span class='ocrx_word' id='word_1_150' title='bbox 802 2643 979 2707; x_wconf 80' lang='lat' dir='ltr'><strong><em>industria</em></strong></span> <span class='ocrx_word' id='word_1_151' title='bbox 999 2649 1164 2729; x_wconf 82' lang='lat' dir='ltr'><strong><em>praeter-</em></strong></span> 
     </span>
     <span class='ocr_line' id='line_1_23' title="bbox 118 2753 1166 2845; baseline 0 -24"><span class='ocrx_word' id='word_1_152' title='bbox 118 2761 238 2845; x_wconf 77' lang='lat' dir='ltr'><strong><em>llmus,</em></strong></span> <span class='ocrx_word' id='word_1_153' title='bbox 270 2773 357 2844; x_wconf 83' lang='lat' dir='ltr'><strong><em>quae</em></strong></span> <span class='ocrx_word' id='word_1_154' title='bbox 380 2755 436 2818; x_wconf 89' lang='lat' dir='ltr'><strong><em>rel</em></strong></span> <span class='ocrx_word' id='word_1_155' title='bbox 456 2753 652 2818; x_wconf 91' lang='lat' dir='ltr'><strong><em>nullomodo</em></strong></span> <span class='ocrx_word' id='word_1_156' title='bbox 674 2753 970 2844; x_wconf 64' lang='lat' dir='ltr'><strong><em>intelliaereutur7</em></strong></span> <span class='ocrx_word' id='word_1_157' title='bbox 997 2755 1080 2843; x_wconf 70' lang='lat' dir='ltr'><strong><em>occid</em></strong></span> <span class='ocrx_word' id='word_1_158' title='bbox 1099 2756 1166 2821; x_wconf 90' lang='lat' dir='ltr'><strong><em>sibi</em></strong></span> 
     </span>
     <span class='ocr_line' id='line_1_24' title="bbox 117 2865 1165 2955; baseline 0.001 -24"><span class='ocrx_word' id='word_1_159' title='bbox 117 2867 264 2955; x_wconf 78' lang='lat' dir='ltr'><strong><em>uellent,</em></strong></span> <span class='ocrx_word' id='word_1_160' title='bbox 286 2866 343 2931; x_wconf 86' lang='lat' dir='ltr'><strong><em>ael</em></strong></span> <span class='ocrx_word' id='word_1_161' title='bbox 363 2871 501 2931; x_wconf 89' lang='lat' dir='ltr'><strong><em>omnino</em></strong></span> <span class='ocrx_word' id='word_1_162' title='bbox 525 2865 828 2948; x_wconf 78' lang='lat' dir='ltr'><strong><em>desiderarentur3</em></strong></span> <span class='ocrx_word' id='word_1_163' title='bbox 851 2870 1052 2951; x_wconf 74' lang='lat' dir='ltr'><strong><em>amayantis</em></strong></span> <span class='ocrx_word' id='word_1_164' title='bbox 1073 2872 1165 2932; x_wconf 90' lang='lat' dir='ltr'><strong><em>enlm</em></strong></span> 
     </span>
     <span class='ocr_line' id='line_1_25' title="bbox 115 2975 1164 3065; baseline -0.005 -21"><span class='ocrx_word' id='word_1_165' title='bbox 115 2977 405 3065; x_wconf 72' lang='lat' dir='ltr'><strong><em>fuissetlnaenii⁷</em></strong></span> <span class='ocrx_word' id='word_1_166' title='bbox 429 2995 472 3040; x_wconf 90' lang='lat' dir='ltr'><strong><em>ea</em></strong></span> <span class='ocrx_word' id='word_1_167' title='bbox 484 2980 670 3041; x_wconf 88' lang='lat' dir='ltr'><strong><em>restituere</em></strong></span> <span class='ocrx_word' id='word_1_168' title='bbox 681 2975 785 3064; x_wconf 81' lang='lat' dir='ltr'><strong><em>velle,</em></strong></span> <span class='ocrx_word' id='word_1_169' title='bbox 807 2983 1046 3064; x_wconf 76' lang='lat' dir='ltr'><strong><em>mlaeomnlno</em></strong></span> <span class='ocrx_word' id='word_1_170' title='bbox 1062 2981 1164 3062; x_wconf 70' lang='lat' dir='ltr'><strong><em>lano-</em></strong></span> 
     </span>
     <span class='ocr_line' id='line_1_26' title="bbox 117 3083 1164 3177; baseline -0.003 -23"><span class='ocrx_word' id='word_1_171' title='bbox 117 3109 183 3156; x_wconf 87' lang='lat' dir='ltr'><strong><em>rcs.</em></strong></span> <span class='ocrx_word' id='word_1_172' title='bbox 240 3085 424 3157; x_wconf 90' lang='lat' dir='ltr'><strong><em>Nonnulla</em></strong></span> <span class='ocrx_word' id='word_1_173' title='bbox 459 3091 618 3176; x_wconf 73' lang='lat' dir='ltr'><strong><em>ulteria,</em></strong></span> <span class='ocrx_word' id='word_1_174' title='bbox 656 3083 830 3177; x_wconf 81' lang='lat' dir='ltr'><strong><em>fatemur,</em></strong></span> <span class='ocrx_word' id='word_1_175' title='bbox 862 3086 1164 3174; x_wconf 73' lang='lat' dir='ltr'><strong><em>subterfilycrunt3</em></strong></span> 
     </span>
     <span class='ocr_line' id='line_1_27' title="bbox 117 3197 1164 3291; baseline -0.003 -25"><span class='ocrx_word' id='word_1_176' title='bbox 117 3203 200 3291; x_wconf 68' lang='lat' dir='ltr'><strong><em>meld</em></strong></span> <span class='ocrx_word' id='word_1_177' title='bbox 229 3206 268 3266; x_wconf 89' lang='lat' dir='ltr'><strong><em>tu</em></strong></span> <span class='ocrx_word' id='word_1_178' title='bbox 295 3207 347 3266; x_wconf 85' lang='lat' dir='ltr'><strong><em>eis</em></strong></span> <span class='ocrx_word' id='word_1_179' title='bbox 371 3197 479 3286; x_wconf 79' lang='lat' dir='ltr'><strong><em>fieri?</em></strong></span> <span class='ocrx_word' id='word_1_180' title='bbox 506 3197 594 3284; x_wconf 76' lang='lat' dir='ltr'><strong><em>fessi</em></strong></span> <span class='ocrx_word' id='word_1_181' title='bbox 615 3218 734 3264; x_wconf 76' lang='lat' dir='ltr'><strong><em>sumtis</em></strong></span> <span class='ocrx_word' id='word_1_182' title='bbox 757 3201 973 3266; x_wconf 89' lang='lat' dir='ltr'><strong><em>emendando</em></strong></span> <span class='ocrx_word' id='word_1_183' title='bbox 997 3220 1040 3264; x_wconf 93' lang='lat' dir='ltr'><strong><em>ac</em></strong></span> <span class='ocrx_word' id='word_1_184' title='bbox 1059 3199 1164 3286; x_wconf 76' lang='lat' dir='ltr'><strong><em>plura</em></strong></span> 
     </span>
    </p>
   </div>
   <div class='ocr_carea' id='block_1_3' title="bbox 115 3499 1165 4159">
    <p class='ocr_par' dir='ltr' id='par_1_4' title="bbox 116 3499 1165 3727">
     <span class='ocr_line' id='line_1_28' title="bbox 155 3499 1163 3572; baseline -0.006 -13"><span class='ocrx_word' id='word_1_185' title='bbox 155 3504 186 3569; x_wconf 74' lang='lat'><strong><em>4)</em></strong></span> <span class='ocrx_word' id='word_1_186' title='bbox 205 3499 300 3559; x_wconf 84' lang='lat' dir='ltr'><strong><em>Editio</em></strong></span> <span class='ocrx_word' id='word_1_187' title='bbox 323 3499 482 3566; x_wconf 80' lang='lat' dir='ltr'><strong><em>dedicatur,</em></strong></span> <span class='ocrx_word' id='word_1_188' title='bbox 511 3520 566 3555; x_wconf 84' lang='lat' dir='ltr'><strong><em>non</em></strong></span> <span class='ocrx_word' id='word_1_189' title='bbox 591 3518 682 3556; x_wconf 81' lang='lat' dir='ltr'><strong><em>autem</em></strong></span> <span class='ocrx_word' id='word_1_190' title='bbox 707 3502 810 3568; x_wconf 79' lang='lat' dir='ltr'><strong><em>code13</em></strong></span> <span class='ocrx_word' id='word_1_191' title='bbox 835 3500 923 3555; x_wconf 84' lang='lat' dir='ltr'><strong><em>editio</em></strong></span> <span class='ocrx_word' id='word_1_192' title='bbox 942 3500 1062 3554; x_wconf 85' lang='lat' dir='ltr'><strong><em>donatur</em></strong></span> <span class='ocrx_word' id='word_1_193' title='bbox 1080 3517 1163 3572; x_wconf 83' lang='lat' dir='ltr'><strong><em>quam</em></strong></span> 
     </span>
     <span class='ocr_line' id='line_1_29' title="bbox 116 3576 1165 3650; baseline -0.002 -20"><span class='ocrx_word' id='word_1_194' title='bbox 116 3578 255 3632; x_wconf 86' lang='lat' dir='ltr'><strong><em>honarum</em></strong></span> <span class='ocrx_word' id='word_1_195' title='bbox 275 3581 376 3629; x_wconf 83' lang='lat' dir='ltr'><strong><em>artium</em></strong></span> <span class='ocrx_word' id='word_1_196' title='bbox 398 3576 514 3630; x_wconf 78' lang='lat' dir='ltr'><strong><em>studiosi</em></strong></span> <span class='ocrx_word' id='word_1_197' title='bbox 531 3594 545 3629; x_wconf 91' lang='lat' dir='ltr'><strong><em>a</em></strong></span> <span class='ocrx_word' id='word_1_198' title='bbox 564 3578 782 3631; x_wconf 75' lang='lat' dir='ltr'><strong><em>bibliothecario</em></strong></span> <span class='ocrx_word' id='word_1_199' title='bbox 800 3580 936 3629; x_wconf 81' lang='lat' dir='ltr'><strong><em>Vaticano</em></strong></span> <span class='ocrx_word' id='word_1_200' title='bbox 958 3576 1084 3630; x_wconf 84' lang='lat' dir='ltr'><strong><em>codicem</em></strong></span> <span class='ocrx_word' id='word_1_201' title='bbox 1100 3595 1165 3650; x_wconf 82' lang='lat' dir='ltr'><strong><em>anp-</em></strong></span> 
     </span>
     <span class='ocr_line' id='line_1_30' title="bbox 118 3652 923 3727; baseline 0 -21"><span class='ocrx_word' id='word_1_202' title='bbox 118 3658 254 3727; x_wconf 86' lang='lat' dir='ltr'><strong><em>primente</em></strong></span> <span class='ocrx_word' id='word_1_203' title='bbox 275 3665 330 3704; x_wconf 87' lang='lat' dir='ltr'><strong><em>cat.</em></strong></span> <span class='ocrx_word' id='word_1_204' title='bbox 353 3652 579 3724; x_wconf 83' lang='lat' dir='ltr'><strong><em>expostulabant;</em></strong></span> <span class='ocrx_word' id='word_1_205' title='bbox 600 3656 779 3725; x_wconf 67' lang='lat' dir='ltr'><strong><em>nepisinae</em></strong></span> <span class='ocrx_word' id='word_1_206' title='bbox 800 3657 923 3706; x_wconf 80' lang='lat' dir='ltr'><strong><em>initium.</em></strong></span> 
     </span>
    </p>

    <p class='ocr_par' dir='ltr' id='par_1_5' title="bbox 116 3724 1163 3947">
     <span class='ocr_line' id='line_1_31' title="bbox 154 3724 1163 3800; baseline -0.004 -18"><span class='ocrx_word' id='word_1_207' title='bbox 154 3731 185 3794; x_wconf 84' lang='grc'><strong><em>5)</em></strong></span> <span class='ocrx_word' id='word_1_208' title='bbox 205 3731 259 3782; x_wconf 85' lang='lat' dir='ltr'><strong><em>Sua</em></strong></span> <span class='ocrx_word' id='word_1_209' title='bbox 281 3731 406 3800; x_wconf 81' lang='lat' dir='ltr'><strong><em>impensa</em></strong></span> <span class='ocrx_word' id='word_1_210' title='bbox 423 3724 506 3780; x_wconf 84' lang='lat' dir='ltr'><strong><em>edens</em></strong></span> <span class='ocrx_word' id='word_1_211' title='bbox 527 3733 649 3798; x_wconf 79' lang='lat' dir='ltr'><strong><em>quamvis</em></strong></span> <span class='ocrx_word' id='word_1_212' title='bbox 671 3733 730 3781; x_wconf 83' lang='lat' dir='ltr'><strong><em>eius</em></strong></span> <span class='ocrx_word' id='word_1_213' title='bbox 751 3745 767 3780; x_wconf 84' lang='lat' dir='ltr'><strong><em>a</em></strong></span> <span class='ocrx_word' id='word_1_214' title='bbox 784 3728 912 3780; x_wconf 84' lang='lat' dir='ltr'><strong><em>barbarie</em></strong></span> <span class='ocrx_word' id='word_1_215' title='bbox 932 3728 980 3780; x_wconf 86' lang='lat' dir='ltr'><strong><em>ilia</em></strong></span> <span class='ocrx_word' id='word_1_216' title='bbox 998 3726 1163 3780; x_wconf 83' lang='lat' dir='ltr'><strong><em>mendarum</em></strong></span> 
     </span>
     <span class='ocr_line' id='line_1_32' title="bbox 116 3801 1163 3876; baseline 0 -22"><span class='ocrx_word' id='word_1_217' title='bbox 116 3801 252 3876; x_wconf 84' lang='lat' dir='ltr'><strong><em>purgandi</em></strong></span> <span class='ocrx_word' id='word_1_218' title='bbox 271 3804 397 3854; x_wconf 77' lang='lat' dir='ltr'><strong><em>Ferraria</em></strong></span> <span class='ocrx_word' id='word_1_219' title='bbox 419 3801 460 3854; x_wconf 82' lang='lat' dir='ltr'><strong><em>iiii</em></strong></span> <span class='ocrx_word' id='word_1_220' title='bbox 480 3818 507 3855; x_wconf 87' lang='lat' dir='ltr'><strong><em>et</em></strong></span> <span class='ocrx_word' id='word_1_221' title='bbox 530 3806 717 3857; x_wconf 80' lang='lat' dir='ltr'><strong><em>Priscianensi</em></strong></span> <span class='ocrx_word' id='word_1_222' title='bbox 735 3819 830 3856; x_wconf 84' lang='lat' dir='ltr'><strong><em>curam</em></strong></span> <span class='ocrx_word' id='word_1_223' title='bbox 850 3803 1025 3875; x_wconf 79' lang='lat' dir='ltr'><strong><em>relinquens,</em></strong></span> <span class='ocrx_word' id='word_1_224' title='bbox 1045 3807 1092 3873; x_wconf 86' lang='lat' dir='ltr'><strong><em>qui</em></strong></span> <span class='ocrx_word' id='word_1_225' title='bbox 1107 3802 1163 3855; x_wconf 83' lang='lat' dir='ltr'><strong><em>alio</em></strong></span> 
     </span>
     <span class='ocr_line' id='line_1_33' title="bbox 116 3875 860 3947; baseline -0.001 -16"><span class='ocrx_word' id='word_1_226' title='bbox 116 3883 175 3931; x_wconf 84' lang='lat' dir='ltr'><strong><em>iure</em></strong></span> <span class='ocrx_word' id='word_1_227' title='bbox 196 3894 276 3930; x_wconf 82' lang='lat' dir='ltr'><strong><em>auum</em></strong></span> <span class='ocrx_word' id='word_1_228' title='bbox 297 3875 389 3930; x_wconf 86' lang='lat' dir='ltr'><strong><em>dicere</em></strong></span> <span class='ocrx_word' id='word_1_229' title='bbox 409 3893 537 3947; x_wconf 85' lang='lat' dir='ltr'><strong><em>poterant</em></strong></span> <span class='ocrx_word' id='word_1_230' title='bbox 557 3877 674 3931; x_wconf 87' lang='lat' dir='ltr'><strong><em>eundem</em></strong></span> <span class='ocrx_word' id='word_1_231' title='bbox 696 3879 860 3931; x_wconf 83' lang='lat' dir='ltr'><strong><em>Arnobium.</em></strong></span> 
     </span>
    </p>

    <p class='ocr_par' dir='ltr' id='par_1_6' title="bbox 115 3950 1163 4159">
     <span class='ocr_line' id='line_1_34' title="bbox 152 3950 1163 4026; baseline 0.001 -20"><span class='ocrx_word' id='word_1_232' title='bbox 152 3951 183 4026; x_wconf 86' lang='lat'><strong><em>6)</em></strong></span> <span class='ocrx_word' id='word_1_233' title='bbox 204 3955 226 4006; x_wconf 90' lang='lat'><strong><em>1.</em></strong></span> <span class='ocrx_word' id='word_1_234' title='bbox 241 3971 265 4006; x_wconf 87' lang='lat' dir='ltr'><strong><em>e.</em></strong></span> <span class='ocrx_word' id='word_1_235' title='bbox 282 3958 305 4005; x_wconf 84' lang='lat' dir='ltr'><strong><em>ai</em></strong></span> <span class='ocrx_word' id='word_1_236' title='bbox 322 3971 367 4004; x_wconf 86' lang='lat' dir='ltr'><strong><em>me</em></strong></span> <span class='ocrx_word' id='word_1_237' title='bbox 382 3950 534 4006; x_wconf 78' lang='lat' dir='ltr'><strong><em>editionem</em></strong></span> <span class='ocrx_word' id='word_1_238' title='bbox 548 3955 620 4008; x_wconf 89' lang='lat' dir='ltr'><strong><em>hanc</em></strong></span> <span class='ocrx_word' id='word_1_239' title='bbox 637 3953 783 4026; x_wconf 81' lang='lat' dir='ltr'><strong><em>dispendio</em></strong></span> <span class='ocrx_word' id='word_1_240' title='bbox 802 3971 866 4006; x_wconf 87' lang='lat' dir='ltr'><strong><em>meo</em></strong></span> <span class='ocrx_word' id='word_1_241' title='bbox 884 3951 988 4007; x_wconf 68' lang='lat' dir='ltr'><strong><em>hetam</em></strong></span> <span class='ocrx_word' id='word_1_242' title='bbox 1009 3953 1061 4008; x_wconf 87' lang='lat' dir='ltr'><strong><em>tibi</em></strong></span> <span class='ocrx_word' id='word_1_243' title='bbox 1080 3952 1163 4007; x_wconf 87' lang='lat' dir='ltr'><strong><em>dedi-</em></strong></span> 
     </span>
     <span class='ocr_line' id='line_1_35' title="bbox 116 4027 1162 4104; baseline -0.001 -22"><span class='ocrx_word' id='word_1_244' title='bbox 116 4045 225 4082; x_wconf 80' lang='lat' dir='ltr'><strong><em>cantem</em></strong></span> <span class='ocrx_word' id='word_1_245' title='bbox 237 4027 317 4081; x_wconf 81' lang='lat' dir='ltr'><strong><em>donis</em></strong></span> <span class='ocrx_word' id='word_1_246' title='bbox 335 4033 388 4082; x_wconf 80' lang='lat' dir='ltr'><strong><em>tuis</em></strong></span> <span class='ocrx_word' id='word_1_247' title='bbox 407 4045 629 4083; x_wconf 85' lang='lat' dir='ltr'><strong><em>remuneraturus</em></strong></span> <span class='ocrx_word' id='word_1_248' title='bbox 647 4035 717 4097; x_wconf 84' lang='lat' dir='ltr'><strong><em>eris,</em></strong></span> <span class='ocrx_word' id='word_1_249' title='bbox 738 4032 978 4103; x_wconf 80' lang='lat' dir='ltr'><strong><em>aliorumquoque</em></strong></span> <span class='ocrx_word' id='word_1_250' title='bbox 992 4035 1162 4104; x_wconf 80' lang='lat' dir='ltr'><strong><em>scriptorum</em></strong></span> 
     </span>
     <span class='ocr_line' id='line_1_36' title="bbox 115 4102 490 4159; baseline 0.003 -2"><span class='ocrx_word' id='word_1_251' title='bbox 115 4103 253 4159; x_wconf 79' lang='lat' dir='ltr'><strong><em>editiones</em></strong></span> <span class='ocrx_word' id='word_1_252' title='bbox 272 4103 325 4158; x_wconf 90' lang='lat' dir='ltr'><strong><em>tibi</em></strong></span> <span class='ocrx_word' id='word_1_253' title='bbox 345 4102 490 4158; x_wconf 85' lang='lat' dir='ltr'><strong><em>dedicabo.</em></strong></span> 
     </span>
    </p>
   </div>
   <div class='ocr_carea' id='block_1_4' title="bbox 288 4233 301 4280">
    <p class='ocr_par' dir='ltr' id='par_1_7' title="bbox 288 4233 301 4280">
     <span class='ocr_line' id='line_1_37' title="bbox 288 4233 301 4280; baseline 0 0"><span class='ocrx_word' id='word_1_254' title='bbox 288 4233 301 4280; x_wconf 64' lang='lat' dir='ltr'><strong><em>i</em></strong></span> 
     </span>
    </p>
   </div>
   <div class='ocr_carea' id='block_1_5' title="bbox 0 0 1480 4492">
    <p class='ocr_par' dir='ltr' id='par_1_8' title="bbox 0 0 1480 4492">
     <span class='ocr_line' id='line_1_38' title="bbox 0 0 1480 4492; baseline 0 1"><span class='ocrx_word' id='word_1_255' title='bbox 0 0 1480 4492; x_wconf 95' lang='lat' dir='ltr'><strong><em> </em></strong></span> 
     </span>
    </p>
   </div>
  </div>
 </body>
</html>
