2950 4492
82 187 93 218 x
176 171 179 178 .

308 173 338 237 2.

373 315 436 377 Sed
456 323 489 376 et
507 315 747 401 Hieronymus
763 315 790 390 ¹)
815 311 995 376 Minucium
1020 321 1180 410 tamquam
1202 312 1374 378 disertum

223 401 231 416 '
288 408 403 483 atque
437 397 521 476 stylo
544 418 602 461 suo
625 396 835 460 excellentem
862 395 1026 481 agnoscit,
1054 417 1107 458 cu1
1136 395 1373 482 adiungendus

308 495 361 562 est
377 503 417 564 J:
432 504 489 563 m.
513 499 708 563 Gronovius
730 501 768 577 2).

373 601 480 680 Quare
504 599 531 663 si
553 601 746 664 Balduinus
768 599 887 684 (prael.
911 623 942 664 c.
966 601 1000 680 3)
1023 611 1055 664 et
1076 612 1153 684 pust
1174 623 1246 665 eum
1273 606 1368 668 Wo-

309 704 458 777 merlus,
483 703 780 779 Elmenhorstius,
811 703 988 786 Rigcitius
1011 724 1052 765 ex
1075 725 1115 767 eo
1137 707 1226 788 quod
1244 703 1367 768 Minu·

215 812 218 817 ’
308 803 376 868 cius
394 803 604 881 Tertulliani,
628 802 787 887 Cypriani
803 814 835 868 et
851 803 995 868 Arnobii
1014 827 1114 888 genus
1132 805 1258 869 dicendi
1275 805 1367 870 scri·

307 905 470 992 heudique
496 917 623 986 secutus
649 906 711 982 sit,
745 906 946 989 suspicantur
973 929 1044 970 eum
1071 906 1208 997 Afrum
1238 907 1363 984 luisse,

307 1029 388 1072 non*
406 1009 478 1099 plus
509 1009 595 1072 valet
628 1011 693 1074 hoc
728 1019 948 1092 argumentum
981 1029 1076 1094 quam
1109 1009 1243 1072 alterum
1279 1009 1365 1072 illud

307 1110 473 1186 Balduini,
503 1133 521 1174 a
547 1110 718 1190 Withofio
746 1111 885 1193 (opusc.
915 1109 1034 1192 philol.
1063 1122 1126 1174 etc.
1149 1109 1250 1196 Ling.
1281 1113 1362 1175 778.

306 1235 343 1296 p.
369 1211 429 1276 275
445 1247 487 1258 -
500 1213 554 1291 95)
572 1213 761 1294 repetitum,
781 1215 870 1298 quod
883 1213 1069 1276 Frontonis
1082 1213 1250 1278 Cirtensis
1264 1215 1292 1292 ³)
1312 1213 1363 1276 ita

308 1313 487 1378 meminerit
507 1313 692 1392 Minucius,
708 1325 743 1377 ut
760 1313 794 1378 in
809 1315 924 1378 Africa
941 1326 1101 1378 versatum
1120 1336 1153 1378 se
1169 1336 1237 1378 esse
1255 1314 1363 1400 signi-

307 1419 395 1480 llcet.
440 1419 525 1480 Nam
550 1418 637 1501 quod
657 1418 784 1494 Fronto
807 1415 862 1479 ille
885 1416 1035 1481 Caecilio
1057 1428 1194 1481 vocatur
1217 1429 1357 1494 noster,

251 1553 255 1562 ,
307 1540 373 1584 non
403 1516 504 1602 magis
532 1515 567 1580 id
587 1519 726 1600 probat,
758 1517 941 1583 Minucium
964 1519 1101 1595 Afrum,
1131 1541 1226 1604 quam
1248 1521 1362 1584 Fron·
1454 1546 1455 1563 ¹

345 1757 375 1832 l)
396 1759 487 1814 Catal.
500 1765 552 1813 vir.
568 1759 669 1814 illustr.
684 1764 730 1820 58.
745 1769 749 1776 ’
764 1761 910 1812 Minucius
921 1760 1018 1825 Felix,
1037 1759 1140 1811 llomae
1152 1764 1274 1828 insignis
1286 1777 1359 1812 care-

306 1836 425 1901 sidicus‚
451 1839 566 1905 scripsit
591 1833 737 1902 dialogum
757 1833 918 1887 Christiani
944 1843 974 1886 et
992 1833 1107 1886 Ethnici
1132 1834 1355 1906 disputantium,
1454 1854 1456 1875 ι

307 1918 355 1982 qui
375 1909 515 1962 Octavius
541 1911 716 1962 inscribitur.
755 1909 812 1960 Sed
835 1918 864 1961 et
883 1911 956 1961 alius
974 1910 1023 1959 sub
1042 1913 1152 1961 nomine
1177 1915 1239 1960 eius
1250 1909 1357 1977 fertur
1454 1890 1456 1963 l

306 1985 340 2037 de
351 1983 427 2054 fato
446 1985 495 2036 vel
511 1993 612 2035 contra
625 1982 862 2051 Mathematicus,
883 1989 931 2055 qui
946 2002 1009 2035 cnm
1022 1991 1063 2036 sit
1074 1993 1104 2036 et
1116 1988 1176 2053 ipse
1190 1981 1286 2037 diserti
1299 1983 1355 2036 lao-

262 2087 264 2092 ·
306 2064 409 2124 minis,
430 2077 487 2110 non
500 2057 575 2110 mibi
592 2059 705 2110 uidetur
725 2077 787 2111 cum
805 2064 960 2130 superioris
978 2058 1044 2110 libri
1063 2057 1136 2132 stylo
1155 2064 1316 2114 convenire.
1412 2130 1416 2133 .
1454 2100 1455 2133 a

344 2139 375 2200 2)
396 2122 478 2188 Ob'ss.
499 2133 533 2185 ad
553 2133 621 2187 eccl.
644 2148 741 2204 scrptt.
763 2141 788 2192 7.
832 2135 877 2186 M.
902 2134 934 2186 F.
961 2132 1107 2201 dialogum
1130 2161 1161 2173 -
1183 2161 1220 2173 -
1238 2137 1355 2200 scripsit

309 2210 403 2261 lactea
430 2213 570 2278 sermonis
598 2207 726 2260 ubertate
755 2208 907 2261 Lactantio
937 2207 1011 2259 nihil
1036 2208 1197 2274 cedentem,
1230 2207 1356 2260 mirabili

305 2283 403 2353 ubique
428 2288 629 2353 perspicuitate
657 2288 744 2335 etiam
768 2289 798 2334 in
824 2290 905 2334 acute
931 2283 1038 2343 dictis,·
1068 2281 1140 2334 nihil
1170 2288 1353 2351 argutiarum

306 2357 480 2410 obscuritate
508 2359 706 2422 molestarum,
739 2356 813 2409 nibil
837 2361 1034 2428 intempestiva
1060 2357 1227 2408 eruditionis
1257 2366 1354 2409 osteu-

305 2437 415 2484 tatione
444 2434 567 2484 insolens
595 2437 780 2499 arcessitum,
806 2431 879 2483 nilril
902 2432 1052 2484 verborum
1076 2437 1206 2485 novitate
1231 2429 1277 2506 (i)
1301 2439 1353 2483 aut

306 2505 504 2578 transferendi
528 2507 708 2578 improbitate
733 2516 784 2560 aut
811 2511 1022 2576 compositionis
1041 2507 1216 2558 scabitudine
1236 2507 1349 2571 durum,

304 2581 439 2648 horrens,
459 2583 617 2652 abruptum.
655 2581 760 2633 Omnia
778 2590 854 2633 certe
874 2587 934 2632 eius
953 2586 983 2632 in
996 2581 1093 2652 quibus
1104 2581 1241 2651 qrcomodo
1253 2581 1351 2648 legen-

305 2656 370 2708 dum
389 2663 429 2708 sit
448 2674 505 2707 non
524 2656 679 2724 ambigitur
699 2655 752 2708 lras
769 2655 872 2708 hubent
891 2662 1023 2709 virtutes.
1067 2660 1278 2726 Argumentum
1301 2661 1349 2706 in·

304 2748 390 2800 gens,
420 2732 470 2782 illa
495 2749 599 2802 quoque
618 2732 798 2802 associabam
816 2739 1039 2797 contraxerunt,
1069 2736 1111 2782 ita
1130 2729 1347 2795 assentando,

304 2813 337 2856 ut
354 2824 411 2856 aon
429 2811 459 2856 in
478 2807 606 2856 Minucio
628 2810 784 2858 rtiinrroium
803 2823 939 2874 quaeras,
965 2806 1168 2857 Tertullianum
1188 2812 1240 2856 aut
1257 2822 1349 2875 quem-

303 2884 351 2930 vis
376 2879 555 2931 durissimum
579 2876 677 2933 Afrum
703 2885 840 2932 invenias.
880 2877 923 2933 Cl.
950 2882 1006 2934 Iac.
1033 2881 1224 2935 Gronovium:
1253 2880 1348 2932 Sermo

304 2954 413 3004 latinus
432 2961 492 3004 tam
512 2968 587 3006 caste
606 2971 625 3002 a
644 2953 773 3005 Minucio
794 2963 956 3024 usurpatus.

342 3027 375 3100 5)
394 3028 437 3083 M.
459 3025 542 3100 (Cod.
561 3026 720 3096 Bobienstr)
740 3030 872 3083 Cornelio
892 3028 940 3102 (ad
955 3031 1033 3083 Caes.
1053 3031 1107 3085 111.
1127 3027 1177 3104 17)
1197 3025 1345 3092 Mentori,

302 3101 346 3154 M.
364 3105 501 3156 Antonini
520 3109 694 3176 praeceptori
712 3106 793 3157 Cirta
814 3109 904 3176 patrie
924 3102 1080 3158 vindicatur
1100 3122 1134 3156 ex
1153 3109 1240 3178 ipsius
1259 3101 1346 3156 verbis

304 3175 338 3228 ad
360 3191 414 3229 nm.
428 3178 465 3230 ll.
481 3182 524 3234 10.
563 3176 627 3246 Ego
647 3197 749 3250 quoqrce
770 3189 802 3233 ut
821 3197 919 3251 spero,
943 3179 1038 3252 quoad
1053 3183 1159 3231 aetatis
1177 3184 1223 3231 nis
1242 3183 1345 3246 viguit,

301 3256 332 3303 iu
352 3249 464 3324 officiis
479 3252 608 3304 civilibus
623 3271 679 3304 non
696 3255 813 3307 obscure
830 3263 963 3319 versatus
975 3273 1045 3307 sum.
1084 3255 1147 3306 Alii
1162 3271 1266 3326 quoque
1279 3253 1346 3324 plu·

106 3328 111 3336 '
215 3373 218 3380 ,
301 3331 368 3378 rimi
386 3332 483 3378 insunt
502 3331 531 3378 in
549 3337 651 3379 senatu
674 3332 814 3384 Cirtenses
834 3330 987 3382 clarissimi
1004 3333 1073 3383 viri.

356 3401 419 3474 Ipse
447 3416 541 3456 sutem
569 3407 676 3474 origine
703 3405 801 3458 Italica
829 3403 923 3458 fuisse
933 3403 1041 3458 videtur
1061 3408 1094 3456 Δ.
1114 3402 1209 3475 Majo‚
1239 3406 1345 3474 genitus

300 3473 418 3528 fortasse
447 3475 480 3530 de
509 3476 574 3530 Sitii
601 3480 736 3532 Nucerini
766 3480 875 3535 colonis
901 3485 949 3550 qui
969 3483 1075 3532 Cirtam
1104 3477 1156 3530 sub
1183 3475 1246 3528 diro
1272 3477 1344 3530 Iulio

299 3549 475 3617 insederunt,
497 3554 555 3606 tu.
569 3554 659 3625 suppl.
679 3554 779 3608 cxlv.
801 3557 870 3626 Cap.
885 3557 931 3612 621.
956 3553 1142 3608 Numidarum
1162 3569 1258 3624 regum
1277 3551 1345 3616 olim

298 3624 409 3692 sedem,
439 3632 525 3680 armis
555 3643 697 3698 potentem
728 3645 754 3682 et
784 3628 929 3682 literarum
965 3646 1073 3700 quoque
1100 3625 1344 3700 ornamentisdiu

297 3698 444 3754 florentem
466 3705 538 3768 (Liv.
560 3721 604 3773 ep.
624 3702 643 3756 l.
664 3701 746 3756 Diod.
767 3699 998 3771 xxxw.'607).

356 3775 437 3830 Certe
463 3775 605 3830 Hadriano
636 3783 791 3844 imperante
820 3781 1142 3851 trontoprinupuum
1170 3777 1343 3846 eloquentius

299 3849 419 3918 tenebat.
458 3850 526 3924 (Dio
554 3853 585 3904 C.
610 3851 716 3906 LXIX.
744 3860 791 3912 18·
819 3852 858 3908 ci.
885 3854 920 3907 nd
945 3855 987 3907 M.
1007 3857 1085 3907 Caes.
1112 3855 1150 3908 11.
1170 3853 1198 3910 li.
1218 3851 1252 3904 de
1271 3852 1342 3922 eloq.

298 3938 326 3994 p.
353 3922 433 3997 256).
472 3928 563 3980 Prima
593 3927 749 3982 studiorum
778 3929 869 3981 Marci
899 3928 1068 3983 incunabula
1099 3933 1126 3980 ei
1154 3931 1266 3997 cognita
1295 3923 1343 3992 (ad

297 3996 342 4052 M.
361 3997 381 4054 l.
394 3999 438 4066 l.).
464 3998 578 4054 Videtur
598 3996 863 4058 Marcomannicum
882 4020 946 4060 ante
965 4003 1069 4059 bellum
1090 4003 1166 4059 diem
1185 3997 1343 4076 supremam
