2950 4492
197 263 201 271 ·
298 232 342 298 5⁰

298 382 428 457 pensat,
464 370 585 436 virtute
614 378 830 447 consummat,
858 362 936 431 hiel
967 384 1028 427 neo
1055 360 1161 427 videri
1181 374 1323 445 potesis
1383 366 1416 434 4.

128 521 131 528 ¹
234 514 240 528 ¹
299 493 371 557 visu
386 490 509 556 clarior
523 502 588 567 est,
604 512 664 555 neo
678 487 882 572 oonprendii
896 489 1047 573 poledi,
1062 504 1122 547 neo
1136 483 1311 565 aestimari,

298 612 444 677 sensihui
472 609 577 677 maior
605 622 675 689 est,
705 608 866 685 infinitus,
894 607 1056 673 inmensus
1081 618 1113 669 ei
1134 604 1220 670 solil
1243 606 1313 671 sihi

283 714 407 798 'iantue
427 743 563 819 quantus
588 743 637 797 esi
658 742 772 808 notus3
792 728 900 795 nohis
924 749 1004 795 vero
1028 732 1068 791 ad
1094 727 1310 795 intellectumll

297 867 411 939 peetus
430 864 599 939 angustum
610 864 668 930 est,
690 864 722 916 et
739 852 814 917 ideo
831 852 880 915 sie
898 872 969 915 eum
981 847 1077 933 digne
1095 832 1314 928 aestimamnsi

300 976 392 1040 dnml
425 974 687 1039 inaestimabilem
721 972 865 1036 dicimus.
916 972 1064 1057 Eloquar
1100 974 1309 1056 quemadmo‘-
1395 1016 1405 1035 .

301 1090 536 1171 dum'seniiodl
562 1094 811 1180 magnitudinem
836 1092 919 1173 Dei,
948 1091 1006 1178 qui
1031 1113 1065 1155 se
1086 1102 1178 1175 putat
1199 1114 1311 1169 nosse,

301 1215 432 1293 minuit3
447 1215 585 1301 quinon
600 1215 685 1300 vultll
701 1216 859 1292 minuere,
875 1236 941 1279 non
956 1212 1062 1279 novit.
1106 1212 1178 1276 Nee
1193 1234 1311 1277 nornen

299 1335 376 1403 Deo
390 1358 525 1424 quaeras
535 1360 544 1413 ;
554 1339 804 1402 Deusnomenl
815 1346 875 1401 est.
888 1335 964 1404 Illic
975 1332 1142 1400 vocabulis
1152 1355 1235 1417 opus
1246 1346 1307 1413 est,
1393 1380 1403 1400 .

300 1480 373 1522 eum
401 1480 461 1541 per
488 1456 635 1542 singulos
662 1456 810 1546 propriis
839 1454 1108 1539 aplpellaiionum
1131 1454 1311 1541 insignibus

301 1578 722 1653 multitudodirimendaest3
731 1578 805 1643 Deo
815 1576 887 1664 quill
897 1578 984 1643 solus
993 1588 1040 1657 est
1048 1577 1111 1641 Dei
1119 1578 1310 1641 vocabulum

299 1711 404 1766 totum
422 1712 483 1765 est.
499 1723 594 1787 quem
609 1700 636 1764 si
651 1707 777 1783 petrem
793 1699 927 1776 dixero,
951 1699 1131 1763 terrelnum
1150 1670 1310 1780 opineris3

227 1863 232 1877 ι
301 1818 329 1884 si
344 1842 480 1907 regem,
491 1823 648 1885 carnalem
666 1820 856 1904 suspiceris3
879 1819 906 1883 si
924 1819 1101 1896 dominum,
1114 1820 1126 1880 ll
1142 1818 1312 1904 intelleges
1409 1873 1415 1881 .

301 1942 412 2027 utique
424 1942 591 2035 mortalem
602 1951 610 2018 3·
627 1942 719 2005 anser
730 1941 942 2004 additamenta
953 1939 1133 2005 nominumll
1146 1940 1311 2023 etperspi·

301 2059 368 2125 cies
385 2060 451 2124 eius
469 2060 658 2125 claritatem.
682 2061 769 2143 Quid
779 2040 877 2147 'quod
894 2060 1034 2126 omnium
1052 2064 1090 2125 de
1105 2060 1186 2126 istol
1201 2063 1307 2127 habeo
1390 2081 1401 2100 ·

263 2202 267 2207 ’
301 2182 513 2246 eonsensum?
536 2182 645 2247 Audio
654 2186 781 2269 sulgon,
791 2185 909 2247 eumad
919 2182 1310 2260 eaelum'manustenduni,

300 2301 382 2367 nihil
399 2301 485 2367 alind
499 2324 594 2388 qnam
609 2274 715 2368 Denm
736 2303 846 2367 dieunt
855 2350 865 2383 ,
888 2308 986 2371 Deus
1003 2326 1152 2389 magnae
1167 2316 1231 2381 esi,
1243 2303 1255 2361 l
1279 2313 1313 2367 et

300 2426 400 2489 Deae
412 2446 513 2488 verne
527 2436 596 2503 eei,
612 2436 644 2487 et
654 2426 686 2489 si
696 2428 794 2491 Dens
806 2425 949 2489 dederit.
974 2424 1077 2509 Vulgi
1092 2424 1166 2490 istell
1183 2437 1310 2489 natura·

300 2543 341 2608 lis
356 2544 486 2631 eerlmo
499 2557 564 2623 esi,
587 2567 627 2609 an
647 2544 824 2610 Christiani
841 2545 1022 2611 confitentis
1042 2546 1173 2612 oratio?
1196 2548 1240 2611 Et
1255 2545 1310 2632 qni
1396 2589 1405 2609 .

301 2664 417 2730 Iovenr
439 2665 637 2750 prinoipemll
661 2667 792 2744 volunt,
814 2656 969 2731 falluntur
989 2660 1173 2733 innomine
1195 2671 1250 2731 sed
1271 2668 1310 2731 de

301 2808 364 2850 nna
379 2780 540 2873 potestate
557 2787 792 2853 eonsenlltiuni.
815 2788 926 2854 Audio
941 2791 1058 2871 po'e'tes
1073 2810 1202 2876 quoque
1214 2810 1310 2852 unum
1398 2832 1407 2851 .

302 2986 418 3042 CODD.
444 2992 481 3052 Δ)
501 2988 691 3059 conprehendi
711 2992 735 3041 Δ
756 2991 786 3043 C.
817 3006 870 3042 nee
890 2989 1088 3062 comprehendi
1113 3004 1191 3044 tactu
1216 2992 1313 3061 purior

366 3076 427 3114 est:
446 3075 562 3114 testetur
580 3062 718 3115 canterus
737 3080 772 3115 ex
790 3068 906 3133 entique
920 3079 1011 3117 'manu
1031 3080 1143 3117 exsisto
1162 3062 1259 3117 codiee
1280 3080 1310 3117 ee

267 3196 271 3210 1
365 3134 429 3188 illas
441 3152 523 3189 voees
535 3132 659 3208 prolerre
672 3140 703 3188 in
716 3136 801 3190 Libro
815 3138 838 3191 l.
848 3138 928 3194 Verr.
940 3138 1005 3193 leet.
1019 3145 1045 3199 7.
1056 3140 1250 3219 'Monxxin
1264 3141 1312 3207 (l).

199 3372 203 3375 .
302 3301 388 3358 EDD.
416 3301 453 3375 A)
481 3320 536 3356 nee
564 3301 765 3375 comprehendi
794 3317 901 3376 potest,
932 3320 987 3359 nee
1014 3309 1154 3359 aestimari
1182 3306 1312 3360 1-111.

365 3376 585 3431 v111-V1112.
605 3381 642 3433 Χ.
669 3396 721 3431 neo
741 3378 955 3452 comprehendi,
975 3395 1051 3433 tactu
1071 3386 1239 3453 periment,
1259 3396 1312 3434 nee

366 3457 510 3506 aestimari
541 3454 590 3507 1v.
622 3450 786 3508 ni-v12.
819 3456 871 3510 IX.
903 3457 956 3509 Xl.
989 3456 1072 3511 xlll.
1104 3448 1167 3510 X'V.
1199 3454 1309 3511 Meurs.
1346 3458 1349 3463 ’

364 3526 530 3597 Dalecamp.
546 3530 741 3583 Cantennee
761 3529 962 3601 comprehendi
979 3545 1089 3603 potest,
1118 3546 1195 3586 tactu
1215 3536 1310 3606 purior

364 3616 423 3669 ert,
441 3620 495 3656 nee
514 3608 655 3657 aestImari
675 3606 742 3659 xli.
762 3604 852 3661 XVII.

302 3672 340 3749 B)
366 3680 492 3747 quivult
512 3684 637 3731 minnere
657 3680 757 3733 Herem.

301 3751 337 3818 C)
363 3750 418 3807 Dei
438 3768 553 3824 quaeres
574 3754 806 3809 111-v11.xi.
827 3756 938 3809 Meurs.
996 3780 1003 3793 ·

301 3824 342 3897 D)
369 3826 460 3888 ¹Audio
473 3830 553 3901 vulgo
564 3827 619 3883 dici
630 3830 730 3884 Heum.
751 3828 828 3883 Rude
839 3830 935 3903 vulgus
943 3848 979 3873 -ό
987 3831 1059 3885 nihil
1071 3830 1154 3886 eliud.
1165 3826 1207 3883 vel
1219 3826 1310 3883 Audio

365 3906 480 3955 manum
499 3902 661 3969 tendentes,
680 3906 754 3959 nihil
774 3906 816 3959 vel
836 3904 913 3959 Adeo
933 3904 1044 3979 vulgus,
1065 3904 1316 3971 eem--tendunt,

365 3974 437 4027 nihil
456 3993 509 4031 etc.
524 3978 630 4051 Wopk.
657 3978 730 4034 Audi
751 4001 775 4036 v.
795 3979 843 4035 IV.
863 3984 905 4035 M.
925 3982 958 4036 V
956 3985 1034 4037 orci.

301 4046 338 4114 E)
364 4054 491 4115 nemim
519 4050 553 4105 de
578 4070 633 4108 nna
652 4055 755 4116 Heum.
786 4058 944 4131 poitam-
1112 4060 1114 4067 ’
