2950 4492
1160 245 1180 309 5

199 375 287 444 Loci
315 377 436 443 Felicis
466 399 575 444 omnes
605 377 661 464 qui
690 378 866 466 dogmatici
897 381 1011 449 vocari
1036 382 1180 467 possim,

8 566 20 584 h
131 491 208 544 cunt
225 483 447 547 tantummodo
470 479 686 562 11111οοί1ιὸ).

247 721 276 774 7·
310 717 341 772 9·
378 717 422 772 514·
456 713 502 772 56·
538 713 649 770 Remi*-
674 731 750 770 cam·
777 720 823 773 17·
853 713 913 771 8st
938 714 1030 773 Marc.
1057 719 1110 774 HI.
1134 723 1182 780 fill·

188 788 190 795 '
248 791 344 861 scorp.
362 796 410 848 12.
430 789 519 847 toste.
542 793 617 848 dom.
635 795 692 858 11).

98 884 104 892 ’
177 867 228 928 1ο)
247 862 327 919 Mille
343 869 407 922 anui
422 879 484 937 post
498 871 728 922 resurrectionem
741 880 906 936 corpoream
916 864 1181 942 (Resurrscnrmit.
1201 878 1204 886 '

247 935 306 991 adv.
328 937 417 991 Marc.
438 939 535 1007 1,29.
564 940 617 994 111.
636 947 683 998 21.
710 939 757 994 lV.
777 943 835 1008 29).

172 1017 203 1078 8)
223 1011 314 1064 Locus
335 1018 371 1069 25
392 1015 414 1064 C
437 1029 548 1080 autem,
569 1018 672 1086 inquo
695 1015 755 1067 solo
776 1018 809 1066 de
829 1031 871 1087 sp.
890 1029 914 1067 t.
933 1011 1038 1086 ailquid
1063 1017 1182 1072 inveniri

127 1100 243 1158 notent,
264 1085 438 1154 dogmaticut
454 1088 544 1145 iactus
565 1105 608 1142 est
629 1089 772 1145 vocabulis
792 1105 881 1160 squas
900 1098 932 1141 et
951 1094 1072 1160 spiritus
1088 1097 1181 1156 ratio,

138 1165 219 1234 (quae
246 1160 308 1213 ideo
327 1163 430 1214 Ursino
453 1163 561 1220 lucrant
582 1180 724 1240 suspecta,
754 1151 841 1235 atque'
859 1163 980 1216 Celiario
997 1169 1038 1237 pii
1060 1165 1182 1219 hominis

134 1235 272 1362 glossema
293 1233 365 1305 quod
387 1255 401 1287 e
424 1243 547 1309 margine
567 1235 738 1310 irrepserit‚)
760 1237 793 1289 ad
814 1235 984 1308 baptismum
1004 1253 1030 1290 et
1053 1245 1182 1310 spiritum

131 1325 189 1363 s.·r
215 1315 286 1370 atit3
308 1325 372 1362 nont
619 1327 620 1332 ¹
882 1345 885 1352 ·

197 1383 227 1458 1)
247 1383 323 1436 deest
344 1389 375 1436 in
394 1401 470 1456 seqq.
493 1387 585 1456 alr'qna
608 1383 662 1437 sibi
687 1389 741 1457 ipsi
764 1383 935 1437 adversantis
954 1384 1065 1438 Octauii
1090 1387 1183 1454 parti-

178 1491 183 1499 ·
246 1458 306 1511 cula
328 1463 367 1524 (v.
388 1475 413 1513 c.
430 1474 571 1521 attamen,
592 1458 680 1510 nihilo
695 1464 817 1524 minus),
839 1463 977 1530 quinimo
998 1459 1100 1512 Thales
1116 1475 1184 1520 non,

246 1546 276 1585 nt
291 1529 349 1585 heri
366 1533 513 1605 posthaec
531 1535 611 1587 verita
631 1529 748 1586 debehat
756 1577 766 1602 ‚
784 1537 912 1587 reiicitnr
930 1531 979 1586 sed
994 1534 1137 1586 extollitur
1152 1547 1183 1585 ut

245 1611 300 1677 qui·
314 1623 378 1666 oum
397 1613 514 1664 ueritate
525 1622 680 1662 consonet.

196 1679 227 1756 2)
249 1684 307 1744 lam
331 1685 360 1734 in
383 1681 527 1734 vocubulis
545 1679 792 1752 antecedentibutt
813 1680 890 1752 Quid
910 1679 991 1732 aliud
1008 1696 1062 1734 cet.
1079 1676 1184 1750 aliquid

240 1769 306 1812 erat
328 1755 538 1821 obiiciendum,
562 1761 585 1809 si
607 1754 795 1827 dogmatizare
810 1755 933 1809 voluerat
948 1753 1100 1819 Octavius,
1120 1771 1183 1806 cum

167 1851 169 1856 ·
247 1829 357 1899 Virgilii
384 1829 450 1882 deus
472 1834 603 1901 spiritus,
629 1835 677 1900 qni
697 1847 738 1882 est
760 1832 791 1881 ro
810 1828 899 1888 θεῖον
919 1831 1096 1894 Stoicorum,
1122 1845 1185 1881 cor-

247 1902 339 1972 porale
361 1903 473 1973 quidem
494 1908 605 1976 ipsum,
633 1903 680 1956 sed
702 1903 838 1960 mundum
857 1903 1020 1956 “esibilem
1039 1909 1183 1968 animant,

226 1991 301 2028 ¹non
322 1978 396 2034 idem
415 1983 451 2031 sit
473 1993 507 2029 ac
527 1995 569 2050 sp.
595 1995 617 2031 t.

195 2047 225 2125 5)
246 2053 337 2120 Aquae
366 2055 438 2103 ratio
465 2049 536 2123 apud
562 2051 708 2104 Thaletem
736 2057 789 2105 etsi
817 2049 983 2104 aMinucio
1009 2068 1083 2117 non,
1110 2054 1184 2104 sicut

243 2123 328 2188 iacit,
347 2123 473 2178 laudetur
491 2125 540 2180 sed
559 2126 796 2197 reprehendatur,
813 2125 891 2178 nullo
910 2125 994 2178 modo
1010 2143 1076 2179 cnm
1091 2127 1185 2198 Rigal-

209 2227 215 2232 ·
247 2204 286 2253 tio
306 2197 402 2252 referri
425 2204 529 2272 poterit
553 2199 585 2254 ad
607 2203 679 2256 Gen.
700 2207 725 2260 1.
745 2207 788 2266 2.,
807 2217 878 2273 quae
899 2200 1015 2270 santiem
1034 2217 1066 2254 ac
1081 2202 1183 2253 Thales

188 2312 190 2320 r
245 2289 335 2336 terrae
365 2293 398 2326 ex
428 2291 497 2348 aqna
528 2271 725 2330 formationem
754 2274 903 2348 praedicat.
939 2277 1044 2344 ¹Quare
1074 2280 1097 2328 si
1128 2275 1182 2326 alia

244 2361 326 2419 atque
356 2347 503 2402 sublimior
532 2357 717 2420 oquae-ratio
738 2347 892 2422 quaerenda
913 2365 970 2415 est,
1001 2351 1073 2402 nihii
1096 2364 1183 2402 restat

244 2427 299 2475 nisi
327 2421 492 2496 baptismus.
532 2423 579 2478 cf.
597 2427 637 2482 lo.
664 2426 715 2478 ill.
736 2430 753 2484 5
773 2425 809 2478 od
828 2440 911 2496 quem
930 2425 1025 2478 locum
1046 2424 1182 2496 glossema

244 2513 373 2554 nostrum
395 2505 488 2570 potius
510 2505 648 2572 respicere
669 2499 781 2556 videtur
800 2516 883 2570 quam
904 2498 938 2551 ad
956 2500 1033 2553 Gen.

194 2571 225 2638 4)
246 2572 407 2643 Baptismus
433 2591 497 2626 uero
525 2589 551 2625 et
581 2567 622 2644 sp.
649 2592 670 2626 s.
701 2579 740 2624 ira
765 2573 881 2648 abrupte
900 2577 1014 2640 excitati
1035 2588 1067 2623 ac
1087 2575 1183 2624 rtatim

247 2652 453 2716 praetermissi,
474 2663 581 2719 pagano
603 2649 726 2702 Caecilio
748 2647 825 2700 nullo
846 2646 929 2699 modo
950 2647 1094 2719 explicati,
1114 2647 1184 2717 phi-

243 2721 368 2791 iotophis
395 2737 489 2777 autem
518 2736 658 2792 tamquam
686 2727 811 2774 veritatis
835 2723 1027 2776 inventoribus
1046 2719 1182 2784 laudatis,

244 2795 318 2854 nihil
337 2795 411 2850 aliud
431 2811 560 2870 poterant
580 2801 635 2848 nisi
653 2802 807 2849 orationem
826 2795 953 2862 turbare,
972 2812 1081 2868 proeter
1100 2811 1184 2865 qnam

177 2873 180 2878 '
247 2871 320 2942 quod
342 2871 526 2923 christianam
554 2868 712 2924 doctrinam
742 2885 883 2939 tamquam
911 2875 1044 2942 mysteria
1071 2867 1184 2922 demum

243 2955 307 3016 post
333 2945 503 3017 baptismum
532 2961 674 3018 receptum
696 2935 822 2998 tradendi
849 2945 933 2996 modo
958 2962 1070 3016 prorsus
1097 2962 1185 3016 repu-

223 3034 343 3090 -gutnt
368 3049 399 3064 κ-
422 3020 558 3077 Omnium
576 3037 672 3086 cutem
701 3025 817 3073 minime
847 3019 967 3091 intelligi
987 3021 1016 3074 h.
1037 3019 1055 3072 1.
1075 3033 1185 3090 poterat
1265 3075 1268 3080 ,

244 3093 293 3146 ilia
314 3093 348 3149 ha
371 3099 445 3147 tismi
467 3113 515 3167 per
532 3097 603 3151 Gen.
618 3105 643 3152 1.
671 3104 696 3153 2.
726 3094 961 3168 praesignificatio
976 3111 1059 3164 qnam
1073 3093 1184 3146 exhibet

242 3169 320 3222 Tert.
341 3113 424 3240 liapt.
444 3174 469 3227 lt.
509 3169 566 3225 sed
584 3189 618 3222 ea
638 3181 712 3223 satis
730 3179 796 3222 erat
811 3175 1020 3241 praecerpsisse
1039 3175 1069 3220 in
1090 3167 1185 3239 quibust

244 3253 274 3296 et
295 3249 371 3296 ratio
391 3245 524 3314 baptismi
544 3238 760 3314 recognoscitur
776 3250 872 3307 prima
887 3246 938 3296 illa
954 3263 1025 3315 quas
1041 3250 1100 3297 iam
1120 3252 1185 3294 turre

240 3323 333 3370 etiam
359 3325 420 3389 ipso
441 3318 538 3372 babitu
555 3323 782 3391 firacnotabatur
802 3321 936 3390 baptismi
948 3318 1100 3391 figuram,
1127 3319 1185 3370 Dei

246 3398 393 3462 spiritum,
421 3400 467 3464 qui
493 3395 529 3445 ab
550 3401 632 3454 initio
656 3395 909 3467 srrpervectabatur
928 3409 1121 3465 super-aquas
1138 3397 1186 3443 irt-

247 3473 399 3519 tinctorum
423 3477 607 3524 moraturum.

303 3541 442 3595 Adiectiva
461 3545 550 3594 altior
565 3553 595 3595 et
612 3545 759 3597 sublimior
774 3549 931 3598 necessario
952 3542 985 3594 ad
1006 3539 1089 3593 deum
1107 3558 1186 3594 men·

247 3631 311 3670 tem·
325 3617 449 3672 Thaletis
470 3618 637 3674 referuntur.
676 3622 801 3689 Quodsi
820 3635 913 3673 autern
935 3617 1070 3680 dicimus,
1090 3633 1186 3669 verum

245 3691 338 3744 Deum
367 3708 381 3744 a
407 3693 523 3748 Thalete
551 3699 667 3748 inveniri
698 3713 755 3757 nott
782 3699 920 3767 potuisse,
947 3709 1012 3745 cum
1038 3690 1186 3744 sublimior

246 3769 283 3820 sit
312 3766 457 3822 intellectu
486 3768 631 3834 Thaletis,
659 3768 694 3820 ab
724 3776 785 3842 ipso
815 3770 876 3822 Deo
900 3772 994 3840 potius
1020 3765 1185 3831 tradendus,

246 3847 373 3912 sequenti
401 3841 526 3898 Thaletis
563 3843 640 3900 laudi
665 3863 760 3902 rursus
787 3842 1000 3917 repugnamus‚‘
1016 3859 1070 3894 nee
1094 3845 1187 3894 minus

245 3916 438 3988 sequentibus,
462 3934 526 3972 oum
553 3937 632 3974 mens
653 3936 756 3976 cuncta
776 3919 916 3984 formans,
937 3919 1045 3989 qualem
1066 3917 1186 3970 Cicero-

242 3997 344 4046 nianus
366 3991 468 4050 Thales
494 3992 584 4051 deum
610 3994 715 4066 voluit,
744 4000 805 4053 nso
828 4012 843 4047 a
865 3997 946 4052 Mose
966 3993 1070 4050 tradito
1088 3997 1187 4046 neuti-

243 4083 325 4138 quam
350 4083 492 4142 repugnet.
723 4089 725 4098 ’
