2950 4492
1135 256 1176 321 65

88 393 118 462 C
169 393 363 461 errautinml
381 380 509 459 turbam
524 404 632 459 mutue
647 390 709 458 sibi
724 391 904 477 patrocinia
921 404 1102 479 praestare;
1124 392 1180 459 hic

172 515 318 583 defensio
327 514 522 586 comtmnuis
530 513 654 581 furoris
664 525 713 580 est
722 514 896 581 furentium
911 514 1091 583 multitudo.
1113 517 1177 581 At·
1206 534 1290 585 xxv.

139 675 144 687 ι
171 650 277 703 tamen
289 638 351 703 ista
364 636 436 722 ipsa
449 635 635 723 superstitio
651 636 807 703 Romanis
823 636 925 714 dedit,
942 636 1048 715 auxit,
1065 636 1179 703 funda·

172 759 222 824 vit
237 758 449 843 imperiumn
473 782 545 824 cum
562 780 627 824 non
643 768 709 824 tam
725 759 843 824 virtute
861 778 956 845 quem
972 758 1133 845 religione
1149 769 1181 825 et

172 878 292 963 pietate
317 879 509 963 pollelrent.
543 878 704 945 Nimirum
726 880 862 967 insignis
883 894 916 947 et
943 879 1062 946 nobilis
1089 878 1181 945 iusti·

87 999 120 1064 D
171 998 219 1063 tia
234 1001 381 1066 Romana
395 1004 435 1096 ab
449 1001 551 1085 ipsisl
574 1001 705 1088 imperii
725 1002 884 1067 nascentis
906 1000 1107 1068 incunabulis
1123 1022 1178 1063 uu·
1236 1000 1270 1063 2.

171 1119 297 1205 spicata
322 1132 389 1199 est3
416 1144 523 1189 noune
543 1123 578 1188 iu
598 1132 696 1190 ortul
721 1146 780 1189 suo
803 1136 835 1189 et
856 1123 977 1189 scelere
999 1120 1130 1188 collecti
1151 1133 1183 1185 ct

173 1240 286 1304 muniti
303 1242 508 1307 immanitatis
524 1266 599 1308 suae
616 1248 765 1309 terrolre
783 1243 978 1308 creverunt?
999 1264 1071 1307 nam
1090 1242 1182 1323 asylo

171 1360 275 1444 prima
294 1362 387 1444 plebs
406 1375 605 1446 congregata
623 1366 712 1438 est3l
736 1363 960 1427 confluxerant
975 1361 1109 1445 perditi,
1132 1361 1183 1426 fa-

172 1480 334 1558 cinorosi,
361 1480 492 1559 incesti,
522 1467 649 1557 sicarii,
675 1481 899 1564 proditiones,
921 1494 952 1545 et
970 1492 1005 1544 ut
1023 1480 1093 1565 ipse
1112 1482 1184 1546 Ro·

38 1650 41 1654 .
87 1602 120 1665 E
174 1601 296 1677 mulus,
317 1600 496 1685 imperator
517 1611 550 1664 et
571 1613 699 1679 rector,
722 1600 903 1685 populuml
926 1622 1016 1664 suum
1036 1600 1184 1665 facinore
1281 1690 1284 1695 ,

173 1721 402 1805 praecelleret,
425 1719 634 1805 parricidium
657 1720 750 1789 fecit.
1013 1710 1016 1715 ¹
1074 1719 1078 1725 ’

225 1844 318 1905 Haec
344 1841 449 1925 prima
468 1852 541 1906 sunt
559 1841 702 1925 auspicia
720 1841 894 1927 religiosae
917 1840 1075 1922 civitatis3
1106 1861 1182 1905 mox
1237 1842 1272 1905 d.

173 1961 312 2025 alieluas
327 1961 472 2047 virgines
485 1961 548 2024 iam
562 1964 781 2043 desponsatas,
798 1964 860 2025 iam
876 1960 1047 2026 destinates
1062 1974 1093 2025 et
1104 1983 1188 2026 non·

173 2081 295 2146 nulllus
305 2086 344 2147 de
355 2081 562 2145 matrimonio
571 2081 775 2145 mulierculas
787 2080 854 2145 sine
867 2102 957 2149 more
966 2082 1083 2166 rapuit,
1095 2080 1184 2146 vio-l

89 2202 118 2267 F
171 2201 269 2278 lavit,
291 2200 417 2277 inlusit,
434 2212 467 2265 et
485 2222 557 2264 cum
576 2222 685 2265 earum
703 2200 889 2282 parentibus
904 2200 938 2264 id
950 2212 997 2265 est
1010 2222 1081 2265 cum
1093 2220 1187 2267 soce·

177 2320 241 2386 rist
261 2318 327 2385 suis
345 2320 464 2385 bellum
483 2318 626 2396 miscuit,
648 2318 866 2404 propinquum
880 2319 1067 2402 sanguinem
1082 2320 1184 2396 funin

176 2440 255 2527 quid
276 2438 533 2525 iulreligiosius,
566 2440 646 2530 qpid
665 2437 834 2516 audacius,
860 2438 937 2527 quid
958 2438 1028 2523 ipsa
1055 2441 1187 2505 sceleris

90 2564 124 2626 A
177 2558 396 2625 confidentiae
413 2559 536 2629 tulius?
557 2561 624 2624 Iam
640 2559 792 2625 finitimos
808 2581 890 2645 agro
905 2559 1046 2644 pellere,
1071 2560 1185 2625 civita·
1241 2566 1272 2629 d.

90 2716 117 2759 p.
128 2699 159 2747 ³⁶
177 2692 226 2744 tes
246 2679 414 2763 proximas
435 2679 601 2745 elvertere
615 2703 688 2744 cum
703 2680 830 2763 templis
846 2692 878 2744 et
888 2680 1054 2757 altaribus,
1071 2693 1184 2767 captos

176 2822 318 2886 cogere,
352 2799 490 2863 damnisl
518 2799 629 2864 alienis
651 2813 684 2864 et
704 2800 769 2865 suis
795 2800 972 2865 sceleribus
1000 2802 1187 2867 adolescere

177 2942 248 2984 cum
262 2920 404 2986 Romulo
422 2920 572 3005 regibusl
592 2920 710 2985 ceteris
727 2933 760 2985 et
770 2921 973 3005 postremis*
992 2922 1124 2987 ducibus
1140 2922 1188 2989 di-

90 3042 121 3106 B
174 3040 310 3123 sciplina
324 3040 501 3105 communis
516 3052 574 3103 est.
597 3042 649 3103 Ita
663 3040 817 3126 quicquid
831 3038 970 3105 Romani
984 3051 1110 3120 tenent,
1127 3062 1185 3107 co·
1233 3044 1269 3107 d,

174 3160 261 3237 lunt,
284 3159 468 3243 possident,
491 3158 658 3224 audaciaelt
673 3163 794 3271 praede
808 3172 874 3239 est3
896 3163 1016 3245 templa
1029 3162 1136 3228 omnia
1151 3167 1189 3229 de

176 3279 333 3345 manubiis
353 3278 387 3343 id
409 3291 458 3343 est
478 3280 517 3343 de
538 3278 664 3345 ruinisl
688 3279 834 3362 urbium,
856 3284 895 3345 de
909 3282 1026 3367 spoliis
1042 3286 1186 3362 deorum,

177 3404 217 3466 de
233 3399 382 3464 caedibus
397 3402 618 3478 sacerdotum3
640 3404 706 3468 hoc
720 3402 891 3469 insuiltare
907 3415 938 3467 et
958 3403 1104 3469 inludere
1126 3416 1186 3485 est,

180 3616 268 3671 Eun.
294 3616 329 3683 C)
348 3631 387 3669 m.
400 3617 503 3669 iniuste
522 3615 579 3669 des.
594 3616 704 3672 Vocet.
731 3619 796 3672 heic
808 3614 864 3672 dcl.
875 3618 938 3675 XV.
958 3621 999 3673 sie
1011 3614 1065 3675 dei.
1080 3619 1188 3689 Wopl.

248 3704 400 3763 praestare.
428 3691 465 3743 At
485 3695 561 3743 enim
579 3692 680 3748 Heum.

182 3767 222 3834 D)
247 3782 303 3836 quo
321 3764 458 3818 fluxerant
475 3765 587 3819 Meurs.
987 3823 992 3833 ¹

182 3842 217 3909 F)
246 3838 408 3914 parentibus
428 3843 461 3907 [i.
481 3858 506 3894 c.
526 3845 630 3894 soceris
649 3843 719 3909 suis]
737 3838 842 3893 bellum
862 3840 895 3893 V.
915 3840 951 3894 Vl
959 3843 983 3896 ¹.
1001 3842 1054 3895 xl.

181 3919 220 3986 Δ)
245 3913 413 3969 confidentia
433 3919 550 3969 asturius
570 3916 682 3972 Vonclr.
714 3930 744 3968 et
764 3914 912 3981 alteribus,
939 3929 1019 3989 rapte
1039 3932 1189 3989 congerere

243 3990 344 4051 lirum.
371 3993 507 4059 postumia
522 3988 639 4043 ducibus
653 3990 794 4047 v-vtt.
813 3990 867 4046 xl.
894 3990 1188 4066 posterisduc.X11’.

246 4078 310 4137 pust
329 4080 405 4136 reges
426 4066 531 4136 Wopk.
555 4065 665 4121 Vonck.
