2950 4492
282 295 311 346 X.

282 442 314 486 ut
324 433 464 502 inlibata]
476 415 691 506 (erismae.)
705 440 734 485 et
744 427 913 485 illibatu-
922 439 1058 504 reputare
1067 433 1113 502 id]
1126 432 1267 489 minuere.
1277 434 1323 492 Id.

283 565 319 578 -
330 533 366 590 Β,
385 540 415 587 iu
426 536 544 604 lumine]
558 531 692 592 flumine.
704 564 741 576 -
752 531 786 590 C.
799 536 921 604 certior]
935 533 1088 591 incertior.
1108 565 1139 576 -
1155 542 1187 590 iu
1199 540 1323 608 Natali]

282 639 313 694 in
323 636 441 694 Natale.
459 636 553 708 (Haeo
562 638 666 713 utique
675 647 758 693 recta
767 636 880 705 forme,
898 647 933 692 ut
946 639 1052 709 aedile,
1068 639 1221 704 Iuvenale,
1235 642 1325 694 Mar-

170 769 173 778 =
282 741 353 795 tiale
382 741 455 814 cet.)
479 760 525 784 ·-'
553 743 759 812 [subtilitate]
793 744 1006 811 simplicitate]
1046 741 1247 816 simplicitate.
1291 772 1323 786 -

167 890 172 902 .
280 842 315 898 Ρ.
339 847 386 900 Ali.
413 844 447 900 C.
470 842 657 920 diffunditur,
685 851 753 917 quia
771 850 852 898 viam
872 853 980 914 nescit,
1003 848 1117 915 haeret]
1137 842 1322 913 diffunditur,

279 947 486 1004 haereo-D.
509 957 591 1003 aestu
605 949 647 1017 sc]
668 949 795 1004 aestuet}
808 945 891 1002 -Ε,
910 948 1044 1017 diversa]
1067 947 1186 1005 diverse
1199 950 1272 1007 sint.
1290 979 1322 991 -

276 1052 548 1123 probataque[siui]
565 1053 630 1120 uec]
648 1049 852 1125 probataque,
873 1068 941 1106 nee.
958 1079 996 1096 -ι
1010 1050 1046 1106 Ρ.
1062 1053 1109 1106 45.
1129 1052 1169 1108 Α.
1185 1055 1270 1122 adeo]
1292 1061 1325 1108 et

278 1171 362 1209 vero.
377 1182 414 1194 -
428 1151 462 1207 Ρ.
481 1154 528 1208 47.
546 1151 581 1208 F.
605 1159 753 1208 testatur?
771 1159 834 1211 Ver
849 1185 891 1197 --
914 1160 1095 1220 necessaria,
1113 1155 1177 1223 qui]
1195 1163 1325 1214 testatur

278 1275 332 1312 ver
346 1289 362 1300 -
375 1287 391 1299 -
408 1255 601 1311 necessaria?
621 1256 681 1330 qui.
716 1253 851 1325 (Rectior
868 1256 943 1311 haee
966 1254 1144 1325 distinctio.)
1168 1284 1206 1299 -
1218 1254 1255 1313 P.
1271 1258 1319 1312 48.

277 1360 315 1416 A.
326 1361 414 1413 Nilus
428 1361 538 1429 amuis]
552 1357 650 1414 Nilne.
667 1387 702 1400 -
716 1356 753 1414 Β.
764 1363 1028 1429 Mesopotamiam,
1040 1378 1094 1428 pro
1105 1360 1243 1412 imbribus
1250 1377 1323 1430 peu·

276 1462 339 1533 sat]
353 1461 612 1536 Mesopotamiam.
631 1494 662 1504 -
680 1465 771 1518 ludus
776 1461 904 1531 flumen]
924 1459 1028 1516 Indus.
1044 1486 1080 1504 ·-
1094 1460 1129 1516 P.
1144 1463 1191 1516 io.
1206 1458 1245 1515 D.
1261 1461 1335 1516 diss

276 1567 377 1635 cessit]
393 1565 490 1620 desiit.
506 1595 542 1608 -
553 1565 752 1616 Thebanorum
759 1583 813 1633 per
824 1566 981 1631 mortuam]
999 1563 1056 1618 Th.
1066 1581 1138 1636 par,
1159 1541 1319 1620 moituam.

279 1697 309 1708 ·—
325 1666 359 1721 P.
380 1668 426 1721 5⁰.
445 1665 483 1719 A.
506 1681 556 1717 uso
573 1663 739 1733 comprendi
757 1662 774 1694 '²
793 1674 892 1733 polest
904 1662 936 1732 ῃ]
956 1680 1013 1718 nec
1025 1664 1218 1737 comprendi,
1238 1677 1322 1720 tactu

275 1766 381 1844 purior
400 1777 455 1822 est.
474 1795 510 1807 -
521 1764 556 1820 P.
574 1767 621 1823 50.
637 1765 676 1821 D.
700 1768 781 1820 Deus
794 1765 930 1833 magnus]
954 1767 1025 1836 (err.
1042 1770 1176 1839 typogr.)
1192 1778 1223 1824 et
1239 1768 1321 1824 Deus

275 1886 413 1944 magnus.
434 1893 465 1910 -
480 1868 515 1924 P.
529 1869 574 1922 51.
590 1868 624 1922 F.
646 1887 679 1920 ac
690 1870 801 1938 terras]
821 1878 851 1922 et
862 1877 969 1922 terras.
992 1897 1023 1908 -·
1041 1865 1079 1921 A.
1095 1867 1200 1939 aeria]
1215 1868 1319 1926 verba.

278 2003 308 2014 -
323 1972 357 2029 C.
369 1972 458 2025 isdem
469 1972 616 2039 Milesius]
632 1970 656 2024 is
668 1969 814 2025 Milesius.
830 2001 861 2012 -
873 1969 907 2025 P.
920 1971 967 2026 52.
982 1968 1016 2026 C.
1030 1974 1185 2039 traditum]
1197 1971 1317 2028 tradite.

274 2102 309 2119 ·-
326 2073 361 2130 E.
381 2076 489 2143 motus]
513 2071 630 2128 modus.
654 2103 689 2116 -
711 2073 745 2128 F.
771 2080 832 2126 vim
855 2075 1036 2142 naturalem,
1060 2075 1232 2142 animalem]
1258 2075 1321 2132 vim

274 2177 441 2233 animalem.
464 2205 500 2220 —-
520 2151 565 2231 A.
581 2176 674 2248 Quid,
698 2178 808 2245 noune]
827 2179 897 2246 (err.
916 2178 1051 2250 typogr.)
1065 2174 1145 2246 Quid
1160 2175 1319 2234 Democri-

273 2279 344 2335 tus?
365 2279 499 2356 quamvis
515 2289 682 2334 atomorum
694 2278 809 2352 primus
825 2277 982 2345 inventor,
997 2297 1109 2335 nonne.
1120 2279 1201 2336 -P.
1217 2281 1264 2337 53.
1280 2279 1317 2337 Β.

273 2381 369 2439 Abest
389 2382 581 2457 interpolatio
605 2386 780 2436 Aristoteles
804 2382 859 2451 (sie
881 2380 957 2452 Bc.)
982 2413 998 2425 -
1013 2412 1029 2422 -
1049 2389 1259 2454 principatum.
1281 2413 1318 2426 -

272 2485 307 2541 P.
319 2487 365 2544 ii.
379 2486 413 2540 F.
425 2485 618 2555 ceierairum]
638 2495 749 2546 cetera.
760 2511 795 2526 -
804 2485 843 2540 A.
862 2489 987 2554 Stoicus]
1004 2485 1107 2542 Chius.
1121 2514 1155 2530 ··
1166 2485 1204 2542 D.
1211 2486 1318 2559 fabal-

200 2637 201 2640 ,
272 2591 310 2642 lis
336 2591 407 2659 (err.
434 2590 568 2662 typogr.)
591 2585 708 2642 fabellis
735 2588 807 2643 suis.
833 2616 869 2630 -·
890 2588 924 2644 P.
945 2588 991 2644 55.
1005 2590 1044 2644 A.
1060 2594 1146 2659 feras
1161 2590 1315 2658 [homiues]

271 2691 361 2776 feras.
380 2720 416 2734 —
436 2710 470 2744 ac
486 2695 569 2758 vero]
584 2707 657 2758 vero
670 2708 714 2745 ac.
727 2719 765 2732 -
778 2688 812 2745 P.
830 2691 876 2746 56.
889 2689 925 2745 E.
940 2693 1073 2770 Phariae]
1089 2701 1119 2747 et
1131 2691 1268 2748 Phariae.
1279 2723 1316 2736 -··

272 2801 356 2848 novis
375 2793 535 2866 frugibus]
562 2793 660 2848 novis.
688 2823 725 2835 —
753 2796 877 2859 Perseus]
906 2792 1061 2849 Persaeus.
1102 2783 1241 2865 ¹(Recte.)
1280 2826 1317 2838 -

271 2893 305 2949 P.
323 2895 369 2949 57.
388 2892 422 2948 B.
443 2905 557 2962 gentem
578 2904 605 2946 ei
626 2894 660 2946 de
680 2901 766 2964 ..picis
784 2895 884 2963 Isidis]
905 2905 1034 2969 gentem.
1068 2894 1192 2968 Dispice
1211 2897 1311 2954 Isidis.

271 3023 306 3040 -·
322 2997 484 3068 adsparsis]
497 2995 650 3068 dispersis.
673 3005 757 3066 alque
773 2996 922 3066 planctus]
942 3005 971 3051 et
989 2995 1139 3070 planctus.
1159 3026 1196 3039 ··-
1212 2998 1246 3054 P.
1265 3000 1312 3054 58.

270 3101 304 3157 F.
320 3100 442 3170 Cybelae
452 3097 603 3172 Dindyma
612 3097 701 3168 picdet
711 3097 819 3163 dicere,
837 3116 906 3168 quiae
917 3098 1089 3166 adulterum]
1106 3097 1216 3171 Cybele
1228 3099 1314 3173 Dyn-

270 3201 387 3258 dimene
401 3231 440 3244 --
468 3199 561 3274 pudet
583 3198 697 3255 dicere!
731 3232 747 3243 -
775 3197 950 3254 adulterum.
976 3228 1010 3242 -
1032 3199 1068 3256 B.
1093 3199 1109 3231 '³
1123 3202 1239 3270 decora]
1262 3201 1314 3259 de.
1353 3220 1354 3223 ¹

270 3304 389 3372 deeora.
405 3331 436 3342 -
448 3301 481 3360 C.
495 3310 576 3374 qiiasi
586 3302 628 3370 el]
644 3301 730 3375 quasi
743 3312 786 3357 ut.
797 3332 833 3345 -
849 3304 978 3370 veribus]
999 3299 1152 3359 uberibus.
1169 3335 1199 3346 -
1215 3304 1249 3361 P.
1263 3307 1311 3363 59.

268 3407 308 3464 Β.
323 3407 453 3478 auditur]
468 3403 575 3460 aditur.
596 3435 632 3447 -
649 3404 683 3459 P.
708 3407 754 3460 60.
771 3402 806 3459 Β.
828 3408 967 3473 Briareo}
980 3423 997 3460 a
1011 3404 1144 3462 Briareo.
1166 3406 1313 3480 -flsvii]

268 3507 398 3567 flevisse.
413 3537 451 3552 -
465 3507 514 3576 (E.
534 3505 637 3562 Codex
649 3507 761 3580 Regius
778 3502 942 3564 nonhabet
958 3519 991 3560 ut
1003 3510 1137 3576 iudiciis,
1152 3519 1186 3566 ut
1202 3511 1245 3565 ait
1258 3511 1314 3566 Ri-

268 3613 395 3690 galtius,
429 3609 499 3668 sed:
524 3622 557 3664 ut
585 3613 824 3679 vi(rusure)!iis.
855 3608 928 3667 cod.
951 3608 1107 3685 Burgund.
1144 3622 1178 3666 ut
1201 3617 1311 3700 viciis.)

265 3716 301 3772 P.
321 3719 367 3772 61.
391 3713 427 3771 B.
439 3715 629 3784 accesserat]
651 3713 788 3768 accessit.
814 3742 845 3754 -·
870 3711 904 3768 C.
932 3719 982 3766 vel
1003 3717 1100 3785 Caeli]
1124 3724 1155 3770 et
1171 3714 1256 3770 caeli.
1274 3739 1310 3756 -

266 3818 299 3874 P.
314 3822 360 3876 62.
376 3815 414 3872 A.
433 3818 513 3886 etsi]
529 3814 594 3871 etsi.
615 3843 649 3858 ···
668 3814 702 3872 P.
719 3819 766 3871 63.
784 3814 819 3872 Ε.
835 3820 946 3885 aereus]
961 3834 1080 3872 aureus.
1100 3845 1130 3856 ···
1146 3810 1179 3871 F.
1197 3825 1230 3869 ut
1243 3835 1310 3868 sae-

264 3927 332 3991 pius
347 3899 474 3988 facium]
495 3920 630 3994 saepius,
654 3929 687 3974 ut
703 3918 827 3973 factum.
842 3947 876 3960 -
892 3921 1035 3989 sculpitur
1053 3917 1144 3988 (bis)]
1162 3917 1309 3992 sculpitur

266 4021 348 4095 (bis).
360 4053 396 4068 -
409 4021 444 4079 B.
469 4034 668 4092 cousecratur,
690 4025 833 4089 oruuuu],
845 4025 917 4088 (err.
939 4024 1073 4097 typogr.)
1091 4030 1307 4085 consecretur,
