2950 4492
313 170 354 234 ab

228 314 256 378 F
309 309 501 395 prospicere
528 305 590 370 nisi
609 304 781 389 pabuluin3
802 323 862 369 nos
883 303 1000 389 quibus
1021 299 1152 369 vulturi!
1176 312 1355 379 erectus,

313 432 430 518 quibus
441 439 607 518 suspectus
618 426 651 490 in
664 426 786 489 caelum
798 429 888 489 datus
901 436 960 501 est,
976 446 1083 489 sermo
1095 435 1128 488 et
1140 423 1251 489 ratttio
1270 446 1353 507 per·

312 573 395 639 quae
405 553 511 616 Deum
528 533 765 633 adgnoscimus,
784 546 947 622 sentimus,
960 544 1133 621 imitamur,
1146 544 1246 629 ignoti
1252 566 1349 609 rare

312 695 373 737 nec
383 673 448 747 ias,
470 692 531 735 nec
541 669 619 733 licet
629 669 827 753 ingerentem
839 688 908 730 sese
920 666 1021 731 oculis
1034 678 1066 740 ct
1081 663 1245 729 sensibusit
1267 688 1348 731 no·

228 797 262 860 A
315 792 390 857 stris
399 793 566 857 caelestem
576 790 764 855 claritatem.
780 788 952 872 sacrilegii
961 787 1043 851 enim
1053 786 1106 851 vel
1114 783 1342 854 maximi'indt
1409 790 1432 857 d,

229 950 255 993 p.
264 933 294 980 21
315 927 382 979 star
393 926 440 978 est
453 914 541 988 bnmi
552 933 718 998 quaerere,
731 914 821 997 quod
832 909 865 972 in
876 890 1004 973 subiirni
1015 912 1131 972 debeas
1143 908 1338 973 invenirent!

357 1036 431 1116 Quo
443 1034 546 1117 magis
564 1032 641 1096 mihi
656 1033 806 1095 videntur
820 1030 875 1117 qui
889 1032 975 1093 huuc
989 1028 1098 1092 mundi
1109 1028 1210 1093 totius
1225 1052 1338 1093 orna-

313 1159 395 1219 tumi
420 1177 486 1219 non
508 1154 615 1218 divina
636 1153 763 1217 ratione
786 1150 964 1235 perfectum
987 1152 1115 1227 volunt,
1138 1154 1194 1213 sed
1209 1150 1336 1215 frustis

229 1278 259 1341 B
313 1278 501 1361 quibusdam
514 1285 527 1340 ΙΙ
550 1288 670 1339 temere
693 1272 939 1337 cohaerentibus
962 1272 1209 1355 conglobatum,
1235 1294 1334 1335 men·

312 1407 394 1471 tem,
417 1417 560 1471 sensum,
584 1393 715 1459 oeulostt
732 1392 869 1477 denique
883 1392 972 1475 ipsos
987 1413 1053 1457 nnn
1068 1394 1198 1455 babere.
1235 1392 1338 1474 Quid,
1392 1394 1418 1458 5.

312 1515 395 1579 enim
419 1521 609 1597 potestesse
631 1525 695 1576 tam
710 1525 870 1596 apertum,
882 1517 894 1575 ΙΙ
918 1524 982 1575 tam
997 1514 1181 1577 confessum
1194 1524 1331 1604 tamque

313 1636 538 1720 perspicuum,
564 1658 634 1699 cum
650 1636 765 1699 oculos
780 1634 813 1697 in
829 1634 974 1699 caelumit
997 1623 1162 1699 sustuleris
1184 1647 1214 1699 et
1238 1656 1328 1721 quae

312 1768 384 1819 sunt
411 1756 496 1819 inira
526 1756 677 1840 circaque
705 1740 908 1835 lustraveris,
941 1780 1036 1842 quam
1065 1779 1133 1821 esse
1146 1768 1159 1825 ΙΙ
1190 1756 1330 1843 aliquod

311 1898 426 1941 numen
446 1863 737 1958 praestantissimae
759 1876 890 1953 mentis,
914 1900 979 1962 qno
1003 1878 1122 1945 omnistt
1146 1890 1259 1940 natura
1274 1878 1327 1939 in-

229 1998 256 2064 C
313 1997 470 2080 spiretur,
487 2008 665 2073 moveatur,
681 1998 1022 2081 alatur,·gubernetur.
1048 1996 1198 2091 Caettlurn
1214 1998 1320 2081 ipsum
1377 2000 1406 2060 6.

315 2116 390 2180 vide
404 2140 497 2203 quam
510 2118 573 2181 late
585 2117 743 2204 tenditur,
761 2141 856 2205 quam
867 2119 979 2201 rapide
991 2119 1153 2195 volvitur,
1170 2121 1222 2183 vel
1234 2122 1324 2205 quod

302 2238 337 2303 iu
353 2250 481 2303 noctem
501 2239 595 2302 astris
615 2238 837 2323 distinguitur,
862 2239 915 2304 vel
933 2210 1022 2325 qued
1033 2241 1066 2304 in
1078 2240 1176 2306 diemtt
1193 2241 1262 2305 sole
1274 2241 1325 2302 lua
1381 2234 1384 2238 ’

314 2371 443 2435 stratur,
452 2360 515 2423 iam
527 2360 607 2423 scies
618 2381 712 2443 quam
724 2359 808 2423 sitin
820 2382 859 2425 eo
870 2361 983 2423 summi
996 2362 1228 2426 moderatoiiris
1240 2361 1321 2425 mira

312 2491 344 2543 et
362 2480 470 2543 divina
485 2480 631 2544 libratio.
662 2482 749 2545 Vide
765 2491 796 2545 et
811 2502 941 2557 annum,
958 2492 992 2543 ut
1006 2481 1100 2549 solist
1118 2482 1251 2546 ambitus
1265 2480 1315 2545 fa·
1373 2484 1401 2544 7.

161 2686 167 2697 Ι
226 2602 259 2667 D
314 2599 387 2677 ciat,
396 2612 428 2663 et
437 2622 575 2664 mensem
587 2601 669 2676 vide,
683 2602 912 2677 utiunaauctn,
927 2602 1028 2681 senio,
1040 2603 1171 2671 lattbore
1181 2604 1320 2665 ‘circum-

311 2733 399 2805 agat.
436 2720 523 2801 Quid
547 2724 752 2783 tenebrarum
775 2733 806 2785 et
827 2720 953 2786 luminis
980 2722 1097 2787 dicandi
1121 2736 1317 2789 recursantes

312 2840 418 2916 vices,
441 2852 476 2903 ut
491 2841 535 2904 sit
552 2840 648 2904 nobis
665 2840 774 2923 operis
791 2854 823 2905 et
841 2842 959 2927 quietis
974 2844 1114 2909 alterilna
1128 2846 1311 2928 reparatio?

311 2960 534 3046 Relinquenda
563 2982 643 3024 vero
672 2962 848 3047 astrologis
876 2964 1045 3046 prolixior
1055 2971 1066 3029 ΙΙ
1098 2970 1136 3029 de
1159 2966 1310 3030 sideribus
1389 3011 1397 3030 .

311 3080 438 3158 oratic,
461 3081 514 3144 vel
532 3085 621 3167 quod
641 3094 756 3167 regant
774 3106 900 3147 cursum
916 3086 1106 3171 navigandi,
1120 3095 1131 3153 t
1157 3088 1209 3151 vel
1229 3091 1329 3172 quod'

226 3205 256 3267 E
313 3201 424 3266 arandi
441 3202 642 3287 metendique
659 3215 785 3288 tempus
803 3204 968 3285 inducant,
990 3229 1072 3293 quac
1091 3207 1235 3294 sintgula
1253 3230 1311 3274 non

314 3418 427 3473 CODD.
455 3420 488 3485 F)
509 3418 654 3473 dominnm
674 3418 756 3493 adgn.
777 3422 808 3476 A.

315 3495 351 3559 A)
372 3492 414 3546 vel
434 3499 554 3546 maxime
575 3496 613 3549 Β.

315 3569 378 3635 DE)
398 3585 467 3640 quae
488 3584 705 3643 regant—quae
726 3572 822 3626 arandi
844 3574 876 3628 Δ.

312 3773 400 3828 EDD.
429 3776 462 3843 F)
489 3774 630 3829 dominum
662 3776 786 3832 I-IIl.
820 3777 901 3833 VH'1.
945 3737 1028 3838 v112ss
1059 3781 1138 3837 datus
1172 3798 1201 3836 et
1231 3798 1311 3835 sermo

378 3849 484 3919 Wopk.
511 3847 591 3903 datus
611 3869 652 3905 est
672 3858 763 3925 ignor.
783 3854 883 3909 Herem.
984 3868 987 3877 ¹

313 3922 350 3984 B)
369 3938 451 3991 supra
471 3929 599 3994 circaque
618 3927 696 3982 lustr.
717 3930 787 3987 Alii,
808 3946 823 3979 a
841 3947 894 4000 qno
915 3936 1006 3983 omnis
1021 3932 1120 3988 Heum.

313 3996 376 4061 DE)
396 4013 465 4067 quae
480 4016 693 4073 regant-quae
707 4002 803 4056 arandi
818 4003 929 4059 I-IV.
944 4005 1018 4060 Vlli.
1034 4006 1107 4062 v112.
1121 4006 1246 4062 indIcant
1257 4004 1310 4061 Vp,
