2950 4492
297 227 342 296 dd

214 373 248 439 D
300 382 334 438 et
355 393 427 437 oum
444 370 548 455 ipsum
563 372 712 435 muudum
726 378 914 454 perpetuum
924 374 938 437 ΙΙ
954 382 986 436 et
998 370 1208 441 insolubilem
1223 379 1313 447 dioe-

299 504 351 559 ret
365 514 433 557 esse
447 491 657 571 fabricatum,
669 490 763 568 ¹addit
778 502 898 573 tamen,
908 512 921 575 ιι
944 493 1007 579 ipsi
1021 494 1142 561 artifici
1157 498 1237 566 Deo
1248 504 1311 571 soli

299 630 333 683 et
353 616 523 682 solubilem
542 626 575 679 et
589 636 658 680 esse
673 615 853 683 mortalem.
894 616 945 680 Ita
962 593 1062 681 nillhil
1076 618 1196 684 mirum
1207 635 1265 701 est,
1280 625 1308 690 si
1367 630 1401 691 l.

299 741 361 805 ista
376 742 476 805 moles
490 742 530 803 ab
545 760 585 805 eo
600 761 667 825 quo
682 747 846 803 exstructa
860 740 924 801 estll
937 740 1129 809 destruatur.
1151 742 1308 813 Animad-

216 866 246 928 E
300 861 401 927 vertis
415 853 630 945 philosophos
644 863 754 925 eadem
769 858 947 943 dispulltare
961 883 1044 946 quae
1065 861 1215 943 dicimus,
1237 890 1303 935 non

187 1007 190 1012 ·
303 988 394 1071 quod
429 1006 491 1048 nos
520 981 619 1047 simne
657 1003 769 1047 eornm
809 979 946 1065 vestigia
958 964 985 1049 ll
1013 959 1200 1063 subsecuti,
1247 994 1302 1053 sed

299 1229 392 1291 bram
407 1226 620 1310 interpolatae
633 1223 777 1291 veritatis
790 1222 904 1288 imitati
918 1223 1013 1290 sinet
1046 1228 1102 1294 Sio
1115 1228 1303 1297 etiam-oon·
1361 1238 1398 1301 5.

298 1348 460 1415 dicionem
473 1346 661 1413 renascendi
674 1344 862 1431 sapientium
878 1345 1048 1443 clariores,
1061 1348 1073 1407 l
1095 1352 1304 1438 Pythagoras

214 1475 243 1538 F
295 1471 419 1557 primus
435 1484 468 1535 et
488 1467 682 1553 praecipuus
696 1467 793 1531 Plato
818 1470 995 1551 eorruptnll
1010 1479 1050 1533 et
1065 1468 1227 1535 dimidiata
1238 1476 1303 1539 ilde

298 1590 515 1665 tradiderunt3
544 1612 617 1668 nam
644 1586 840 1672 corporibus
866 1588 1046 1655 dissolllutis
1074 1592 1161 1657 solas
1187 1593 1304 1659 animas

299 1714 414 1779 volunt
428 1721 460 1777 et
473 1722 631 1795 perpetuo
647 1732 775 1775 manere
790 1722 821 1775 et
835 1709 868 1775 in
882 1710 960 1775 aliall
976 1734 1062 1777 nova
1078 1735 1221 1797 corpora
1235 1738 1304 1779 sae-

215 1838 249 1901 A
302 1833 373 1918 pins
391 1854 583 1899 commeare.
619 1830 777 1897 Addunt
767 1830 837 1897 istis
854 1842 886 1897 et
903 1832 980 1897 illall
999 1838 1041 1899 ad
1055 1840 1304 1921 retorquendam
1364 1840 1394 1907 o.

215 1974 280 2034 mot
300 1955 483 2032 veritatem,
505 1955 539 2018 in
556 1958 726 2038 pecudes,
733 1974 825 2032 aves,
848 1954 980 2019 beluasl
1002 1955 1166 2021 hominum
1186 1957 1306 2021 animae

298 2077 424 2154 redire;
447 2100 512 2142 non
528 2055 717 2160 philosophi
732 2098 807 2141 sane
829 2075 935 2141 studio
959 2075 1037 2140 aedll
1065 2076 1193 2142 mimico
1219 2077 1303 2143 vitio
1344 2154 1346 2159 ¹

300 2198 397 2283 digua
415 2197 476 2262 ista
495 2195 650 2263 sententia
672 2207 732 2284 eat.
770 2198 835 2261 Sed
856 2200 896 2260 ad
918 2196 1148 2283 proposiltnm'
1160 2196 1243 2293 eatis¹
1259 2209 1308 2262 est
1368 2202 1399 2264 7.

214 2320 245 2384 Β
299 2319 394 2385 etiam
413 2320 447 2410 in
464 2321 530 2384 hoo
547 2318 705 2403 sapientes
722 2328 850 2383 vestros
865 2318 899 2382 io
917 2318 1054 2405 aliquem
1077 2316 1224 2383 molldum
1245 2341 1306 2385 uo·

298 2442 424 2507 hiscum
443 2462 636 2506 consonare.
662 2440 813 2507 Ceterum
834 2440 987 2526 quietam
1006 2441 1135 2504 stultusll
1155 2450 1209 2503 aut
1228 2443 1304 2503 bru·
1363 2439 1400 2504 8.

293 2574 351 2629 'tue
378 2574 443 2643 est,
476 2575 512 2629 ut
540 2566 654 2629 audeat
683 2584 866 2648 repugnare
897 2560 1061 2628 hominem
1093 2584 1112 2625 a
1140 2562 1214 2628 Deo
1249 2556 1282 2625 ut
1290 2560 1302 2619 ΙΙ

298 2684 435 2770 primum
463 2683 607 2769 potuisse
635 2684 733 2769 fingi,
763 2684 809 2748 ita
830 2704 926 2769 posse
950 2684 1054 2749 denuo
1083 2668 1304 2749 reformari?ll

299 2807 379 2871 nihil
411 2828 480 2871 esee
512 2817 589 2889 poet
620 2806 744 2875 obitum
777 2818 809 2872 et
841 2818 913 2871 ante
946 2818 1053 2871 ortum
1079 2806 1160 2870 nihil
1187 2804 1306 2900 fuisse?

303 3091 418 3147 CODD.
444 3092 480 3159 B)
498 3103 638 3159 euperem.
659 3086 829 3149 eburneo.
856 3098 979 3161 potutaae
1001 3092 1310 3157 Bonummteluerm

363 3164 469 3237 aliquid
487 3168 619 3229 erasnm).
1308 3198 1310 3201 -

305 3447 393 3501 EDD.
418 3448 458 3511 D)
477 3440 625 3497 solubilem
645 3458 750 3496 eaaeet
771 3456 856 3497 mort.
875 3442 1014 3497 v-v12.
1040 3444 1093 3499 Xl.
1121 3442 1187 3497 Xll.
1224 3458 1307 3515 prae-

352 3518 538 3573 dictionibus
558 3516 735 3571 Il—Vlll2
755 3519 815 3573 XV.
836 3514 978 3573 Pithoeus.

302 3597 340 3664 E)
361 3611 437 3670 qnae
456 3594 588 3647 doeemur
608 3610 677 3662 noe,
695 3610 753 3645 non
773 3592 872 3649 Heum

304 3699 342 3774 A)
368 3694 588 3770 detorquendam
608 3695 661 3749 lll.
681 3698 715 3748 V.
734 3696 802 3747 Vl1.
836 3692 949 3748 Addunt
969 3709 1011 3761 et,
1038 3692 1072 3745 nd
1097 3691 1311 3765 retorquendam

365 3772 507 3827 feritatem
535 3776 565 3823 in
594 3768 717 3863 pecudes.
739 3772 843 3823 Heum.
872 3774 953 3827 mimi
987 3732 1084 3823 olfieio
1107 3770 1184 3821 ll—
1197 3766 1249 3823 IV
1268 3770 1310 3821 M.

367 3849 515 3903 Pithoeus.
535 3850 616 3899 mimi
635 3848 767 3899 convicio
788 3844 835 3899 lV.
860 3844 1004 3900 M-vtss.
1026 3848 1124 3899 Xl.X
1098 3844 1163 3901 XV
1188 3844 1309 3899 Gruner.

233 3945 235 3948 ·
367 3925 446 3975 mimi
465 3922 611 3975 cavillov.
633 3919 769 3977 cavillitio
789 3920 868 3977 v112.

297 3998 340 4066 ,3)
367 4000 459 4068 potnit
481 3995 575 4068 effingi
600 3997 647 4049 lv.
676 3997 719 4062 M.
751 3999 843 4067 potuit
873 3994 948 4069 fingi
965 3952 1310 4075 v-V1².x1.rel0r-

367 4074 436 4125 mari
456 4076 530 4127 sicut
548 4070 583 4125 de
600 4057 690 4127 nihilo
709 4074 813 4126 Heum.
