2950 4492
330 243 370 306 ll

327 385 492 468 talogum,
526 383 609 447 sieut
642 382 775 466 Apion,
808 381 944 458 Sextus,
978 381 1162 446 Arabianus
1191 395 1223 447 et
1254 383 1398 462 Iudas,

328 485 575 569 chronographi
606 484 661 570 qui
689 496 802 567 postea
828 483 1009 546 laudantur.
1067 483 1234 548 Minucius
1268 498 1398 550 autem

327 588 443 674 quibus
461 590 519 650 suh
538 589 648 669 Impp.
667 585 800 661 vixerit,
824 606 890 649 non
908 585 1037 649 dicitur.
1084 589 1199 663 Gaius,
1222 587 1283 672 qui
1300 598 1398 670 post

327 712 398 754 eum
422 692 461 752 ab
482 688 686 768 Hieronymo
708 689 869 762 laudatur,
893 690 951 750 suh
975 687 1121 772 Septimii
1142 688 1211 753 filio
1237 689 1392 770 claruit,

328 803 422 877 atque
445 791 595 870 Beryllus
619 792 741 853 demum
765 792 825 851 suh
847 789 1034 854 Alexandro
1057 789 1178 853 vixisse
1206 801 1391 864 censatum

328 905 359 956 at
387 905 463 974 post
491 894 656 973 Beryllum
686 891 867 955 nominatur
890 891 1091 974 Hippolytus
1119 892 1176 976 qui
1203 914 1310 977 usque
1341 893 1390 954 ad

326 996 464 1078 primum
493 998 590 1059 modo
619 993 686 1057 eius
716 991 874 1075 principis
899 1014 1012 1055 annum
1038 992 1132 1056 vixit.
1176 994 1389 1058 Secundum

326 1096 537 1182 Hieronymi
554 1095 655 1179 igitur
674 1099 874 1178 catalogum
894 1094 1075 1158 Minucius
1095 1095 1297 1159 Alexandri
1318 1099 1386 1159 Se·

327 1200 399 1262 veri
417 1199 525 1261 aetati
550 1198 751 1281 neutiquam
776 1195 928 1258 adscribi
944 1207 1077 1277 potest,
1107 1198 1163 1258 sed
1182 1195 1294 1278 potius
1320 1198 1385 1259 Se-

328 1300 451 1384 ptimii,
474 1321 662 1384 quamquam
686 1301 729 1362 oh
752 1298 821 1361 eius
846 1295 991 1381 catalogi
1011 1296 1045 1359 in
1068 1299 1271 1360 observanda
1292 1309 1383 1360 tem-

328 1424 444 1484 porum
459 1401 585 1464 ratione
602 1401 729 1462 dubiam
745 1402 840 1464 fidem
856 1397 961 1482 priori
973 1398 1068 1462 etiam
1084 1398 1179 1462 aetati
1198 1399 1382 1464 convenire
1395 1469 1400 1476 ,

329 1503 451 1586 poterit
472 1502 617 1584 scriptor
637 1514 760 1566 noster.

392 1607 431 1668 In
454 1608 593 1667 secundo
616 1602 811 1684 Hieronymi
834 1604 911 1668 loco
933 1606 975 1683 19)
1005 1602 1220 1668 Tertullianus
1242 1604 1379 1690 quidem

329 1720 361 1772 et
382 1706 565 1790 Cyprianus
593 1718 664 1770 ante
687 1705 868 1770 Minucium
891 1707 1074 1784 laudantur,
1103 1710 1159 1770 sed
1181 1718 1213 1770 et
1233 1709 1379 1769 Lactan-

329 1811 391 1872 tius
412 1822 506 1894 atque
529 1808 687 1872 Hilarium

394 1911 524 1973 Tertius
554 1911 645 1975 locus
677 1913 719 1990 ²⁰)
750 1910 980 1974 Tertullianum
1010 1911 1138 1996 quidem
1167 1914 1271 1975 denuo
1302 1923 1375 1974 ante

331 2011 511 2075 Minucium
533 2012 691 2087 nominat,
722 2013 891 2075 sedetiam
915 2013 1097 2077 Arnohium
1117 2026 1212 2100 atque
1234 2016 1375 2076 Lactan-

327 2112 405 2176 tium
423 2101 494 2177 autc
512 2114 725 2196 Cyprianum,
749 2113 832 2177 sicut
850 2114 1026 2198 Origenem
1044 2127 1115 2178 ante
1131 2115 1325 2179 Miltiadem.

392 2218 431 2279 In
451 2228 566 2300 quarto
586 2216 782 2297 Hieronymi
803 2216 940 2295 100021)
959 2216 1176 2280 Tertullianus
1194 2228 1289 2301 atque
1305 2216 1374 2297 Cy·

329 2317 460 2403 prianus
489 2319 542 2382 ille
570 2317 625 2403 qui
652 2320 684 2381 in
711 2320 790 2383 loco
820 2321 1024 2382 antecedente
1054 2319 1234 2382 Minucium
1263 2321 1373 2382 subse-

331 2433 421 2485 cutus
442 2434 525 2496 erat,
556 2421 671 2484 iterum
695 2432 766 2484 ante
787 2442 858 2483 eum
880 2431 1104 2496 recensentur,
1130 2419 1238 2483 sedin
1260 2423 1372 2483 eodem

329 2524 405 2587 loco
429 2522 621 2586 Victorinus
650 2535 721 2586 ante
743 2520 947 2584 Lactantium
977 2533 1010 2585 et
1030 2523 1276 2603 Theophrastus
1300 2533 1373 2585 ante

330 2627 583 2707 Xenophontem
605 2637 636 2688 et
657 2624 869 2688 Aristotelem
891 2623 1109 2687 nominantur.

394 2727 587 2792 Eucherius
608 2729 650 2806 92)
686 2725 822 2810 denique
852 2724 1027 2810 episcopus
1053 2718 1281 2810 Lugdunensis'
1306 2727 1370 2788 La·

333 2829 485 2894 etantium
510 2840 581 2892 ante
604 2827 784 2891 Minucium
804 2829 909 2891 affert.

371 3187 419 3250 19)
439 3183 568 3256 Epitaph.
588 3185 736 3256 Nepotiani
760 3201 802 3256 ep.
822 3185 883 3238 Lx.
922 3183 1014 3253 Illud,
1041 3185 1153 3251 aiebat,
1185 3183 1368 3253 Tertulliani,

332 3259 411 3311 istud
427 3261 582 3329 Cypriani,
602 3257 653 3311 lroc
674 3259 838 3328 Lactantii,
860 3258 932 3311 illud
949 3260 1057 3312 Hilarii
1077 3268 1129 3313 est.
1167 3261 1213 3312 Sic
1233 3261 1371 3312 Minucius

331 3334 427 3399 Felix,
447 3340 491 3384 ita
511 3329 692 3402 Victorinus,
715 3341 746 3386 in
764 3334 836 3387 hreno
855 3335 967 3387 modum
985 3344 1029 3387 est
1046 3336 1156 3388 lactatus
1175 3336 1323 3388 Arnobius.
1375 3380 1379 3384 .

370 3413 418 3474 20)
439 3407 481 3461 Ad
508 3407 640 3480 Magnum
666 3411 755 3464 Lxx.
781 3411 826 3466 M.
846 3411 893 3477 F.,
922 3409 1080 3462 causidicus
1099 3411 1219 3463 Romani
1231 3409 1312 3480 sori,
1338 3413 1369 3460 in

331 3482 403 3535 libro
423 3488 468 3533 cui
483 3485 582 3535 titulus
595 3483 734 3536 Octavius
751 3493 811 3551 est,
832 3493 861 3536 et
876 3491 906 3537 in
921 3488 1013 3537 altero
1028 3494 1130 3538 contra
1144 3484 1367 3549 Mathematicus,

331 3563 357 3609 ei
385 3565 480 3608 tamen
508 3562 656 3629 inscriptio
684 3577 741 3611 uon
769 3566 905 3611 mentitur
935 3569 1097 3628 erectorem,
1128 3560 1196 3631 pisid
1223 3559 1369 3628 gentilium

330 3637 536 3702 scripturarum
556 3634 662 3685 dimisit
681 3635 840 3685 intactum?
1030 3630 1033 3633 ¹

369 3712 418 3774 21)
437 3710 519 3779 spol.
545 3707 580 3760 ad
605 3710 816 3762 pammachium
844 3726 895 3780 pro
920 3707 1001 3763 libris
1027 3715 1084 3763 suis
1110 3709 1171 3764 adr.
1200 3713 1367 3762 latinianum

331 3800 373 3851 ep.
388 3783 515 3836 XLVIII.
536 3783 629 3836 Taceo
642 3784 676 3835 de
688 3785 788 3834 latinis
800 3785 999 3854 scriptoribus,
1015 3785 1207 3853 Tertulliano,
1221 3785 1368 3856 Cypriauo,

330 3857 472 3921 Minucio,
494 3857 663 3925 Victorino,
685 3858 856 3922 Lactantio,
876 3860 998 3912 Hilario.
1429 3854 1433 3858 “

370 3937 418 3996 22)
440 3930 481 3984 Ad
494 3931 631 3986 Valerian.
646 3953 671 4004 p.
686 3934 731 3988 51.
752 3931 826 3985 Bibl.
840 3933 893 3985 PP.
906 3934 939 3985 V.
953 3952 980 4005 p-
995 3940 1059 3994 771.
1097 3934 1136 3986 Et
1152 3933 1265 4005 quarnio
1276 3933 1368 3984 elaris·

331 4010 419 4057 simos
425 4003 590 4076 succendio,
607 4008 796 4072 Firmianum,
815 4007 989 4073 Minucium,
1010 4010 1202 4079 Cyprianrm,
1223 4008 1367 4070 Hilarium,

333 4078 486 4132 Iohannem
506 4079 686 4134 Ambrosium
710 4098 749 4132 ea
765 4081 815 4134 illo
833 4081 975 4135 volumine
994 4087 1208 4136 numerositatis
1227 4080 1369 4136 evolvam?
