2950 4492
346 1010 952 1090 1‚1.ED1T10NES.

561 1195 743 1209 Ἦ·

198 1354 223 1421 l.
258 1354 408 1423 Amulii
443 1358 721 1443 disputationum
749 1356 918 1421 aduersus
945 1356 1066 1440 acrites
1094 1351 1175 1417 iuri

132 1467 768 1558 octo,rturtcprimaminluccmediti.
791 1464 1034 1551 Romaeapuel
1043 1461 1175 1530 Marto.

134 1577 355 1646 Priscianen.
399 1577 654 1643 Florentinum.
687 1578 761 1642 Fol.
784 1574 825 1652 (s.
839 1574 883 1653 a.)

197 1687 257 1754 Aa
275 1687 555 1756 illustrissimum
576 1692 612 1753 et
634 1684 906 1754 Irtuietissimum
928 1684 1060 1772 lienem
1085 1680 1179 1752 Gal-

135 1801 247 1865 lorum
268 1798 501 1865 Franciscum
529 1797 715 1864 Valesium.
759 1795 839 1864 Iam
859 1799 991 1863 dullum
1011 1795 1182 1861 boicarum

135 1915 267 1976 actitem
294 1912 459 1998 sitoaiosi,
489 1915 547 1999 qtti
575 1928 629 1974 me
657 1929 728 1976 non
749 1909 887 1996 calcari
914 1925 1032 1973 amore
1055 1923 1181 1992 prose-

136 2026 303 2112 quantur⁷
331 2022 545 2110 quotidianis
567 2019 907 2108 eapostnlationilns
928 2024 965 2083 et
984 2036 1072 2104 pene
1094 2035 1181 2082 con-

136 2139 221 2198 citio
236 2131 469 2223 traiecturum,
492 2134 584 2222 quod
597 2152 701 2222 qaum
714 2133 833 2198 stadio
848 2131 1033 2196 literarum
1049 2133 1085 2195 et
1103 2147 1182 2194 cre-

138 2245 283 2310 dulitati
297 2248 439 2309 nostrae
459 2245 598 2310 dioiuae
612 2227 804 2330 suffragrari
819 2258 957 2330 possem
967 2244 1003 2306 et
1013 2239 1182 2329 deberem,

138 2361 177 2422 in
193 2357 267 2422 dies
282 2375 399 2422 moras
415 2361 521 2422 moris
540 2360 789 2421 connecterem.
812 2351 857 2420 In
870 2373 979 2420 causa
995 2356 1076 2417 erat
1093 2351 1184 2440 quoti

139 2463 333 2532 Autololum
352 2472 526 2555 pristinae
546 2467 738 2556 reliqionis⁷
764 2486 830 2553 pro
851 2485 919 2553 aaa
940 2468 1099 2529 nostram
1120 2480 1183 2526 ve-

140 2577 397 2645 hementissime
425 2577 654 2664 impumtalat
681 2581 717 2643 et
745 2575 943 2664 lacerabat,
976 2577 1186 2640 acerrimum

141 2690 403 2756 colluctatorem
419 2693 455 2754 et
473 2706 666 2773 eversorem
678 2692 930 2774 supprimerem
948 2692 984 2750 et
1000 2683 1087 2750 miii
1104 2689 1185 2749 tirt-

142 2802 297 2866 clicarem
323 2795 360 2875 ¹).
407 2795 541 2866 Gorttra
570 2818 631 2885 cao
659 2796 854 2883 inferebam
880 2797 985 2861 variis
1011 2799 1046 2861 cl
1072 2795 1187 2886 multi-

142 2913 285 2998 plicibus
306 2909 434 2975 mendis
455 2913 555 2994 cique
579 2911 748 2977 erroribus
768 2909 1020 2974 refertissimum
1042 2910 1076 2972 ct
1100 2908 1188 2971 mul-

143 3026 212 3088 ium
229 3025 389 3088 mutatum
402 3023 445 3087 ab
459 3023 517 3085 illo
532 3024 588 3106 qui
601 3021 713 3086 inerat
728 3020 909 3107 quondam,
931 3040 994 3085 ora
1009 3020 1190 3084 doctorum

144 3133 322 3200 lominum
342 3131 582 3220 salterfiayere
604 3137 641 3198 et
661 3133 786 3198 nabore
808 3131 973 3216 suffundi.
1024 3129 1117 3197 Tum
1136 3130 1191 3195 illi

144 3265 189 3314 ne
218 3246 361 3312 obtentu
385 3246 528 3312 realium
557 3250 651 3310 tanti
683 3245 825 3310 laminis
851 3239 971 3329 ficlaor
999 3241 1043 3306 al
1081 3242 1191 3308 oeulis

146 3360 276 3422 nostris
291 3361 500 3446 eriperetur,
514 3337 655 3426 'omrtem
665 3374 810 3443 operam
821 3359 858 3442 et
870 3355 1027 3420 studium
1036 3357 1074 3419 in
1084 3371 1193 3418 urtam
1217 3343 1220 3346 ⁴

148 3470 390 3534 corocenientcs
413 3467 617 3560 aelltiluere,
644 3473 687 3534 nt
705 3471 853 3555 pietatis
875 3463 1092 3531 christianae
1111 3484 1193 3530 ma-

188 3674 217 3750 1)
238 3679 267 3730 F.
282 3675 402 3731 Sabaeae
422 3683 497 3730 enim
511 3693 570 3730 erat
583 3676 773 3731 bibliothecae
787 3679 939 3730 Vaticanis
954 3689 1062 3727 custos:
1084 3671 1120 3726 cf.
1134 3675 1195 3727 Pri-

148 3751 280 3824 vilegium
295 3753 371 3806 Pauli
386 3754 445 3804 111:
470 3753 590 3804 Faustus
609 3754 732 3805 Salassos
743 3751 908 3822 familiaris
925 3758 1023 3801 noster
1043 3757 1073 3801 et
1091 3749 1195 3800 biblio-

151 3827 247 3878 thecae
273 3837 388 3878 nostrae
407 3827 568 3882 Vaticanus
587 3836 683 3880 custos
701 3858 739 3870 —
758 3855 795 3871 -
815 3845 902 3898 opera
924 3825 1046 3877 Arnobii
1064 3843 1116 3876 sna
1137 3829 1196 3874 im-

147 3919 250 3974 pecata¹
265 3907 388 3970 imprimi
406 3901 513 3972 faeere
539 3903 699 3956 intendebat
723 3932 763 3950 ι-
788 3933 826 3946 -
849 3901 953 3954 Romae
977 3929 1015 3943 —
1040 3899 1084 3952 die
1110 3899 1195 3952 XIII.

151 3980 278 4045 Augusti
289 3977 450 4031 MDXLII.
473 3975 531 4032 Cir.
546 3984 630 4034 etiam
643 3979 778 4034 Ursinum
791 3982 838 4049 qui
854 3975 981 4033 codicem
996 3976 1071 4030 hunc
1087 3973 1196 4029 biblio-

152 4053 250 4107 thecae
269 4055 420 4108 vaticanae
437 4051 581 4110 adscribit.
