2950 4492
324 235 435 284 xxxiv

388 351 493 420 XVI.
519 350 557 428 1)
578 349 673 424 Acta
694 357 731 418 et
750 354 885 462 scripta
901 347 943 417 S.
960 347 1146 435 Theophili
1158 345 1385 418 Antiochensi

325 473 362 532 et
382 466 433 532 M.
447 465 498 530 M.
512 463 556 532 1⁴⁷.
577 469 615 530 tn
637 482 810 547 summam
829 463 976 529 redacta
998 465 1035 525 ei
1055 461 1244 549 proloquiis
1267 468 1383 554 atque

325 577 611 644 anomiaiionihns
641 575 823 640 illustrata
853 593 876 637 a
906 571 955 637 io.
974 571 1017 636 B.
1038 561 1227 662 Pmieenicy
1255 593 1274 638 e
1302 596 1380 641 soc.

204 745 217 772 ,
325 686 415 755 lesu
455 686 680 774 wintoniae.-
713 690 807 772 iqpts
836 683 1270 768 voluptuosissimum.
1291 681 1380 752 Iesu

325 819 358 864 a.
378 792 616 864 MDCOLXI
622 795 659 864 V.
694 792 749 862 8⁰.

268 927 272 935 ’
335 965 337 970 .
387 910 496 976 Huius
516 907 674 974 editionis
696 907 806 984 nullas
826 907 991 970 lectiones
1008 905 1182 972 variantes
1202 907 1293 973 iuter
1310 926 1378 974 oe-

326 1025 419 1088 teros
438 1018 703 1086 emendationum
725 1019 938 1083 coniecturas
958 1017 1160 1100 nesciinus,
1183 999 1281 1100 quun
1305 1039 1377 1083 non

325 1133 432 1196 solum
461 1132 562 1195 nullis
588 1130 682 1195 libris
709 1123 817 1196 Mss.
846 1129 980 1194 collatis
1006 1126 1215 1193 Prilosnkius
1242 1131 1308 1195 iste
1338 1134 1377 1195 ei

325 1244 425 1308 nulus
456 1242 657 1310 editionibus
677 1242 743 1306 nisi
764 1240 942 1322 Romanis,
970 1238 1175 1327 litgultisuis
1197 1243 1232 1304 ei
1255 1237 1376 1306 Dune-

325 1356 424 1420 lianis
452 1355 601 1439 nitatur,
634 1351 695 1418 sod
730 1353 891 1436 pictaque
925 1352 1076 1436 omittet,
1112 1369 1186 1417 cnm
1213 1369 1254 1415 oa
1285 1371 1375 1435 quoe

326 1465 493 1536 difficilius
520 1462 721 1529 extricando
744 1465 824 1528 sunt
851 1458 909 1548 ⁴⁵),
942 1464 1010 1526 tom
1038 1480 1124 1546 quoe
1149 1460 1270 1526 editori
1301 1483 1374 1526 non

267 1591 269 1594 ·
325 1573 498 1650 atmodum
517 1574 709 1644 necessarie
727 1567 997 1655 videbamini),
1017 1573 1066 1638 iia
1079 1576 1117 1637 ut
1131 1573 1217 1639 isaeo
1229 1573 1375 1640 Minucii

336 1860 340 1870 .
363 1813 412 1876 45)
432 1810 483 1866 iix.
497 1827 537 1881 gr.
551 1809 569 1866 4
582 1808 604 1859 Ε
618 1817 650 1859 ut
663 1812 751 1874 ipsias
764 1835 800 1848 -
812 1811 984 1877 sapientium
1002 1807 1095 1860 modo.
1120 1811 1183 1868 5⁸1)
1203 1809 1264 1878 Quo
1277 1817 1373 1879 magis

325 1914 362 1932 -
382 1891 491 1955 itaque.
513 1884 535 1934 E
554 1881 615 1934 Ιιοε.
631 1883 826 1950 plurimarum.
857 1888 874 1938 6
897 1886 921 1934 D
940 1891 973 1932 ut
992 1884 1165 1948 vonentaria.
1192 1891 1210 1942 8
1230 1889 1254 1938 D
1270 1890 1371 1941 iratos.

325 1963 411 2029 capti.
440 1957 517 2013 1οΒ
537 1965 566 2006 et
584 1957 751 2011 incredibili.
779 1957 911 2026 Cpavor
930 1966 969 2011 et.
1000 1953 1076 2016 13³C
1096 1972 1162 2009 nam
1178 1956 1220 2032 (in
1233 1979 1372 2030 quaenam

327 2049 392 2088 ante
412 2029 564 2103 monstra).
606 2033 640 2088 14
661 2033 684 2084 Δ
704 2049 759 2102 qun
777 2036 934 2083 continetur
952 2040 982 2082 et
997 2037 1136 2104 cingitur.
1178 2035 1276 2086 Fsine
1301 2053 1373 2087 eor-

321 2126 393 2179 pore
406 2135 444 2152 -
462 2137 493 2148 -
518 2115 669 2176 reparatur
688 2115 726 2159 et.
758 2109 793 2162 15
813 2107 930 2156 Danas
948 2107 1028 2160 sellus.
1049 2109 1097 2158 vei
1114 2118 1190 2174 (ante
1209 2114 1261 2178 ut),
1281 2114 1325 2169 16
1344 2113 1371 2162 D

325 2177 424 2234 tantus
443 2209 480 2220 -
497 2186 638 2249 potuerit,
662 2179 738 2252 quod
754 2209 793 2221 —
808 2186 978 2250 praesensit.
1014 2182 1037 2233 E
1055 2183 1249 2252 plurimorum.
1290 2189 1324 2244 17
1343 2185 1371 2236 D

321 2259 442 2328 plenius.
470 2259 505 2312 19
528 2256 553 2307 D
572 2265 664 2310 aestu.
683 2259 812 2326 quamvis
834 2283 864 2296 -
887 2284 923 2296 -
943 2257 1119 2322 vagandum.
1148 2259 1168 2310 1³
1187 2264 1303 2325 insitos,
1321 2261 1371 2310 trel

323 2356 361 2373 ·-
381 2335 521 2382 exierunt.
557 2339 595 2390 20
615 2336 634 2383 Α
660 2330 741 2386 adeo.
766 2330 923 2399 Nostrates
947 2357 986 2372 ·-
1009 2360 1044 2373 -
1072 2332 1257 2403 disciplinam.
1295 2336 1369 2390 21F

324 2405 387 2460 Ver
410 2436 440 2448 ·-
463 2409 638 2458 consisteret.
656 2409 702 2460 '22
722 2405 743 2456 F
763 2403 839 2472 Quid
856 2435 893 2447 -
912 2403 1064 2458 adolescat.
1092 2411 1128 2464 21
1148 2415 1170 2460 A
1186 2417 1282 2478 potest
1293 2407 1369 2480 (poet

326 2478 547 2550 comprehendi).
572 2483 609 2538 25
630 2481 654 2532 Ε
673 2487 703 2529 et
722 2481 809 2531 talem
828 2505 865 2520 -
885 2507 920 2531 -s-
940 2477 1068 2534 town.
1100 2486 1135 2540 25
1155 2483 1177 2536 C
1197 2491 1229 2534 et
1249 2514 1280 2524 -
1301 2492 1369 2534 tra-

325 2555 415 2607 ditum
455 2570 507 2608 etc.
577 2555 580 2560 ’
1167 2586 1183 2596 ··

341 2595 480 2702 '16)’cf;
508 2635 522 2683 1
552 2629 577 2680 D
600 2628 665 2678 boni
690 2637 727 2681 et.
766 2628 789 2679 E
815 2646 915 2698 paene.
956 2627 1178 2684 2D'maxime.
1218 2635 1236 2689 5
1258 2631 1367 2697 Ceius,

214 2701 216 2704 ’
323 2703 347 2756 Ε
368 2705 440 2759 Hae.
461 2708 573 2756 emensi.
601 2706 619 2760 4
638 2705 662 2756 Β
682 2704 778 2771 Igitur
797 2720 836 2750 ιι·
855 2717 959 2757 omnes.
984 2705 1009 2756 'C
1024 2705 1136 2758 Caecili.
1157 2707 1183 2758 D
1191 2706 1366 2778 progrediar

323 2779 451 2832 zdterius.
491 2777 552 2836 5'1
572 2781 679 2849 quippe.
704 2787 743 2832 et.
783 2779 804 2831 C
824 2785 932 2829 nostris
950 2784 1042 2850 quasi.
1063 2787 1167 2837 omnia.
1206 2785 1225 2840 6
1243 2784 1267 2835 B
1286 2789 1367 2851 atque

324 2859 427 2923 inepto.
454 2860 482 2903 et
507 2857 568 2922 ipsa
588 2851 693 2904 sidera.
734 2854 760 2905 D
780 2851 866 2918 homo¹
879 2862 908 2904 et
926 2855 1036 2905 animal
1053 2873 1141 2910 omne.
1182 2863 1199 2914 7
1219 2858 1243 2909 Δ
1261 2873 1367 2926 saepes.

323 2929 343 2983 9
363 2928 440 2982 Eiet.
460 2934 530 2996 qnae
550 2926 641 2976 miclta
658 2935 725 2977 sunt
744 2934 781 2978 et.
809 2931 845 2983 10
862 2929 886 2978 Β
904 2927 1059 2998 σὶβωιωὶ.
1087 2933 1113 2984 D
1126 2929 1203 2984 iaec.
1217 2946 1261 2984 ac.
1269 2936 1365 2983 etiam.

323 3002 427 3056 ENec
447 2999 481 3052 de
501 3004 624 3065 ipsis-
644 3028 681 3042 -
700 3029 736 3042 -
756 3001 925 3070 loqueretur.
961 3005 981 3056 12
1000 3012 1119 3057 einata
1138 3007 1250 3074 religio.
1292 3010 1324 3058 12
1342 3006 1364 3056 E

323 3075 455 3146 qnoniam
468 3103 506 3116 -
519 3103 556 3114 —
569 3074 754 3142 singulorum.
775 3077 872 3127 Fnam
885 3105 921 3118 -
933 3104 972 3118 -
983 3087 1065 3145 sunt,
1080 3089 1133 3132 aut
1141 3110 1179 3123 -
1188 3107 1226 3122 —
1236 3085 1366 3133 omnium.

223 3210 234 3220 ,
324 3154 363 3208 15
378 3151 410 3202 Α
435 3163 584 3220 numquam
609 3173 653 3200 -.
670 3178 705 3214 .···
721 3149 890 3220 pudendam.
930 3152 951 3203 C
976 3153 1029 3204 sed
1041 3155 1149 3226 palam.
1184 3157 1219 3208 'D
1234 3160 1365 3208 omniurn.

322 3224 459 3294 siquidem
478 3251 515 3266 -··
533 3254 572 3266 —
591 3234 752 3294 oecrqaeras.
788 3226 811 3278 E
830 3227 993 3288 moliuntur.
1020 3229 1041 3280 F
1060 3231 1185 3282 caelesti.
1213 3231 1250 3286 14
1269 3233 1291 3283 Α
1311 3228 1368 3279 ad-

323 3307 438 3350 struunt
457 3307 494 3351 et.
513 3307 542 3349 et
553 3297 684 3372 favillas
703 3328 740 3340 -
761 3328 796 3342 -·
816 3294 851 3342 ..‘.
872 3308 1077 3370 repromittere.
1110 3301 1249 3356 videlieet.
1276 3305 1368 3358 Cnec

322 3378 438 3428 intersit
455 3369 491 3415 '—
512 3399 549 3414 -·-
569 3401 605 3414 -
625 3373 771 3427 medicina.
789 3375 948 3428 ‘.D.Mu!ta
964 3404 1003 3420 -
1020 3383 1125 3432 oratio.
1159 3377 1265 3432 Elias.
1293 3379 1314 3430 F
1334 3397 1367 3429 ne

321 3451 397 3522 (post
414 3447 525 3521 utrum)
544 3444 708 3518 corporibus
727 3450 806 3518 (ante
819 3447 938 3522 quibus).
966 3456 1001 3510 15
1022 3455 1044 3507 Β
1064 3453 1169 3505 Omnia
1187 3457 1254 3513 ista.
1282 3451 1368 3507 Ein-

321 3527 401 3574 oritns
420 3552 458 3565 ·-
468 3521 591 3592 fateris.
621 3529 655 3580 16
676 3524 698 3575 C
718 3525 817 3577 multo.
834 3523 868 3582 ¹F
888 3527 1054 3582 Simonides.
1077 3528 1112 3578 de
1124 3547 1157 3580 eo
1177 3526 1213 3567 ·‘-
1233 3556 1271 3568 -
1290 3527 1366 3580 deos.

322 3603 358 3656 17
380 3597 468 3648 csse
487 3624 525 3642 ·-·
543 3625 633 3648 -μ--ν
657 3599 844 3651 relaxaverat
870 3609 908 3653 et.
955 3600 983 3654 D
1000 3608 1191 3672 concinnitate
1218 3607 1365 3656 sermonis.

321 3675 444 3739 manime
467 3699 496 3712 -·
522 3699 553 3712 -
576 3700 613 3714 -
631 3677 742 3725 nitatur
761 3683 799 3726 et.
825 3675 849 3726 E
868 3693 924 3728 non
943 3703 979 3739 ·.··
998 3677 1057 3732 sed.
1085 3680 1116 3730 id
1134 3677 1262 3730 accidere
1274 3707 1312 3720 -
1330 3701 1367 3716 ··

318 3753 479 3816 potnerunt.
500 3751 693 3816 utrimque-
712 3747 750 3790 -'-
769 3749 926 3800 disseratur
945 3759 982 3803 et.
1011 3759 1045 3811 18
1066 3754 1092 3806 D
1111 3773 1189 3826 quae.
1209 3749 1367 3820 confessae.

320 3829 454 3890 qnantum
472 3830 579 3892 potest.
607 3830 640 3873 ut
664 3829 800 3906 argutias
825 3852 862 3866 -
886 3853 924 3866 --
950 3825 1097 3881 Octavius.
1138 3833 1173 3887 19
1192 3828 1216 3879 B
1236 3831 1366 3879 intentio.

322 3893 397 3963 Cui
409 3893 462 3967 fit.
489 3897 700 3965 Fprocreatos.
726 3903 800 3958 200
819 3907 855 3962 nt
869 3907 920 3952 est.
947 3901 973 3953 D
991 3907 1143 3968 animans.
1170 3908 1204 3960 21
1226 3903 1366 3969 Cipsnm.

319 3969 435 4020 vel-vel
451 3969 532 4040 quod.
569 3973 594 4025 D
614 3972 688 4026 vide.
721 3979 759 4029 22
780 3975 801 4026 C
822 3975 925 4046 Aspice
948 4004 979 4022 v-
1001 4005 1036 4019 ·-
1052 3975 1234 4043 perennibus.
1254 3977 1365 4047 loquar.

321 4042 348 4094 D
373 4051 410 4098 et.
436 4052 476 4100 et.
504 4047 574 4101 Aut.
612 4047 685 4098 Eet
707 4065 801 4100 omnes
819 4078 857 4092 —
875 4053 1031 4119 comosus.
1070 4055 1110 4112 25
1128 4053 1150 4106 C
1170 4052 1367 4124 inquirendum
