2950 4492
334 179 355 240 1

396 317 447 382 ΙΙ.
474 316 575 382 Nulli
602 314 786 380 bibliorum
812 334 863 379 11.
892 312 1108 388 latinitati,
1146 335 1218 377 cnm
1250 318 1406 380 Tertul-

333 418 436 483 lianus
462 429 494 482 et
515 416 701 502 Cyprianus
728 414 955 480 sententiarum
978 413 1175 480 biblicarum
1195 417 1318 482 seriem
1343 419 1403 483 in-

334 519 561 586 numerabilem
583 519 617 584 in
638 518 827 604 opinionum
853 539 980 582 auarum
1009 517 1227 583 teatimonium
1260 522 1402 586 excita-

335 623 454 687 verint·
498 625 613 708 Neque
631 623 660 687 is
682 621 845 708 probandi
870 640 941 687 moa
964 620 1175 706 apologetico
1199 623 1400 687 excluditur

338 747 455 810 genere
475 727 516 803 ⁵).
661 781 665 786 .

399 830 468 893 ΙΙΙ.
491 828 701 912 Simplicitate
722 828 945 912 dogmatum,
969 849 988 888 a
1003 824 1195 890 Tertulliani
1208 827 1396 910 praecipue

279 943 282 952 '
340 953 411 994 cum
431 929 464 994 in
487 929 699 995 obtrudendis
718 928 815 994 novis
827 927 978 993 formulis
994 929 1186 1012 dogmaticis
1199 925 1247 1009 6)·,
1271 941 1346 993 tum
1362 933 1398 993 in

337 1033 432 1096 novis
464 1031 601 1117 argutiis
632 1043 664 1096 et
693 1030 900 1116 dogmatibus
926 1029 1134 1096 conficiendis
1155 1032 1184 1112 1)
1207 1031 1396 1097 subtilitate

335 1157 432 1220 qnam
454 1134 591 1198 maxime
612 1146 747 1201 remota.
807 1149 811 1158 “

377 1409 408 1470 5)
428 1406 454 1458 A
473 1401 647 1456 Tertulliano
668 1400 702 1452 ad
721 1417 780 1457 nat.
799 1401 838 1456 Il.
860 1408 886 1458 1.
905 1401 1041 1474 allegatur
1060 1403 1162 1457 lesaiae
1182 1412 1210 1461 2.
1231 1404 1298 1477 Sap.
1315 1406 1342 1461 l.
1365 1412 1392 1461 1.

339 1479 421 1552 Apol.
442 1481 488 1536 51.
526 1475 633 1529 Scitote
658 1495 696 1528 ea
723 1477 780 1527 illis
799 1479 958 1548 (aeripturlt
984 1482 1100 1544 noterit)
1123 1489 1393 1549 pracceptum-esre

340 1554 420 1606 nobis
445 1552 486 1603 ad
509 1551 726 1603 redundantiam
752 1552 955 1618 benignitatis„
976 1558 1063 1604 etiam
1078 1558 1277 1624 pruinimieir
1294 1555 1392 1607 Deum

341 1647 425 1681 orare
454 1634 483 1678 et
509 1625 737 1698 persecutoribus
770 1631 881 1678 nostris
908 1625 981 1678 bona
1008 1633 1133 1697 precari.
1175 1626 1220 1683 Cl.
1246 1631 1324 1687 Hier.
1352 1629 1388 1683 ad

339 1703 451 1774 Magum
472 1701 626 1774 Cyprianus
646 1728 684 1742 —
703 1697 846 1752 Firmiano
862 1709 1000 1752 narrante
1015 1701 1161 1754 mordetur
1175 1722 1235 1765 cur,
1249 1703 1391 1756 adversus

314 1820 317 1824 .
340 1778 558 1830 Demetrianunt
587 1774 729 1841 scribens,
764 1779 933 1826 testimoniis
967 1791 1034 1826 iures
1060 1782 1100 1828 sit
1128 1778 1330 1848 prophetarum
1360 1788 1390 1830 et

340 1851 532 1922 apestolorum
549 1867 618 1920 puae
637 1850 685 1900 itte
697 1848 778 1921 fieta
796 1858 824 1901 et
840 1852 1035 1902 commenticia
1054 1869 1114 1903 esse
1132 1852 1261 1918 dicebat,
1281 1861 1311 1905 et
1329 1872 1389 1906 noa

338 1931 434 1998 potius
445 1923 674 1995 philosophorum
693 1933 721 1976 et
733 1932 883 1996 poetarum
899 1922 1016 1996 quorum
1032 1931 1185 1979 autoritati
1204 1937 1235 1980 ut
1251 1928 1389 1982 Ethnicus

341 2005 486 2052 contraire
504 2016 561 2050 non
578 2006 702 2068 poterat.

379 2078 409 2141 6)
428 2073 479 2128 Er.
500 2089 539 2146 gr.
566 2089 618 2126 voa
643 2078 777 2138 trinitat,
806 2087 876 2144 quae
902 2072 974 2145 apud
1000 2087 1064 2127 eum
1090 2080 1209 2146 primum
1238 2081 1387 2134 invenitur.

342 2147 387 2204 ad.
415 2151 494 2202 Prax.
531 2148 675 2219 Simplices
700 2161 755 2203 ete.
780 2164 926 2200 numerum
950 2158 979 2201 et
998 2150 1209 2221 dispositionem
1227 2159 1383 2222 trinitatis,

342 2224 508 2275 divisionem
523 2232 709 2294 praesumunt
728 2227 857 2276 unitatis.

383 2297 414 2370 7)
434 2299 572 2369 Dogmata
584 2296 768 2364 Tertulliani,
787 2297 912 2351 nondum
926 2298 1127 2366 Montaniana,
1147 2319 1264 2370 quorum
1283 2307 1313 2356 in
1330 2305 1385 2358 Oe-

342 2377 417 2436 tavio
437 2372 612 2426 tuinultum
632 2378 778 2445 uestigium
797 2387 841 2425 aet
861 2388 908 2426 aut
929 2373 1010 2444 plane
1029 2380 1211 2436 contrarium,

407 2447 436 2522 1)
457 2448 531 2500 Deua
554 2465 702 2596 reppertus
717 2451 816 2516 (Poen.
831 2452 858 2506 5.
896 2449 1027 2522 Hermog.
1040 2453 1086 2508 55.
1125 2452 1208 2506 Carn.
1222 2452 1325 2509 Christ.
1339 2460 1383 2513 11.

453 2524 534 2576 Prax.
559 2531 599 2583 7.

402 2601 434 2664 2)
455 2599 553 2652 Anima
564 2611 702 2669 corporea
716 2603 782 2672 (Ap.
797 2600 843 2658 118.
871 2599 1009 2656 Anim.5·
1030 2604 1057 2656 9.
1084 2603 1129 2658 56.
1149 2603 1195 2657 57.
1231 2599 1385 2656 Cleontra

455 2673 522 2728 Oet.
543 2674 580 2731 116
600 2674 633 2726 D.
653 2677 747 2726 anima
766 2693 824 2727 non
843 2678 933 2746 magia
952 2674 1069 2728 carnalia
1090 2691 1173 2747 quam
1192 2678 1284 2739 Deue3
1309 2680 1344 2734 50
1363 2678 1384 2728 Ρ

455 2753 548 2801 anima
569 2753 680 2817 corpori
700 2754 860 2820 opponitur.

405 2823 435 2888 5)
455 2825 572 2876 Anitnae
596 2837 772 2894 posterorum
796 2821 870 2877 Adae
891 2841 924 2874 ex
949 2819 1062 2877 traduce
1085 2827 1190 2890 (anim.
1209 2829 1237 2881 9.
1268 2831 1310 2882 19.
1337 2830 1381 2881 22.

454 2903 500 3022 2¹7.
528 2897 586 3021 56).
626 2893 669 2950 Cf.
690 2913 786 2952 eontra
807 2897 872 2950 Oct.
894 2899 930 2956 55
949 2897 976 2950 D
992 2903 1039 2969 qni
1061 2902 1219 2971 genituram
1234 2915 1384 2972 numquam

487 2973 542 3022 ecti
583 2973 644 3021 icit.

406 3047 437 3112 lt)
456 2989 575 3099 lnimae
595 3059 672 3098 tecua
694 3045 761 3113 (Au.
780 3048 838 3115 56).
1269 3112 1272 3116 ¹

408 3119 438 3193 5)
459 3119 549 3173 Maria
570 3119 654 3191 Virgo
675 3118 815 3194 patefacto
829 3138 948 3194 corpore
962 3140 995 3175 ex
1010 3128 1153 3176 communi
1171 3123 1229 3195 lege
1244 3123 1382 3186 Christum

455 3197 563 3332 pppppip
585 3197 680 3320 8111.
704 3197 818 3325 061.Ο1.
838 3201 889 3328 2ἓὸ
904 3201 940 3326 245
960 3196 1021 3251 adv.
1040 3199 1130 3253 Marc.
1150 3199 1201 3254 lll.
1220 3203 1265 3256 11.
1280 3199 1325 3250 IV·
1337 3205 1381 3255 21.

482 3311 488 3324 .
557 3307 563 3320 .
622 3307 629 3321 .
650 3286 748 3323 contra
796 3287 833 3324 et.
930 3309 938 3324 .
1023 3308 1028 3320 ·

408 3349 438 3410 6)
459 3343 586 3396 Christus
606 3343 641 3394 ab
662 3345 823 3400 hominibus
839 3364 947 3418 temper
964 3351 1037 3401 viane
1055 3351 1085 3400 in
1101 3365 1164 3402 veru
1181 3352 1234 3401 etei
1250 3364 1308 3400 non
1320 3362 1383 3399 nata

458 3435 541 3471 earne
568 3415 642 3492 (adv.
675 3419 735 3474 Iud.
766 3427 793 3478 9.
823 3423 906 3475 Caro.
931 3422 999 3477 Chr.
1022 3430 1050 3481 6.
1087 3421 1147 3477 adv.
1168 3427 1259 3478 Mare.
1284 3424 1319 3477 ll.
1340 3428 1383 3481 27.

457 3494 500 3545 Ill
523 3498 549 3551 61
577 3494 624 3547 lv·
645 3497 672 3553 5-
699 3497 731 3549 v·
754 3498 798 3551 19·
824 3499 905 3550 Pl'u·
926 3500 970 3554 14·
997 3496 1056 3571 19).

406 3574 436 3638 7)
456 3570 584 3622 Christus
603 3573 655 3623 Dei
674 3575 790 3643 spiritua
811 3569 878 3644 (Ap.
897 3577 943 3626 at.
964 3572 1044 3628 Orat.
1063 3575 1089 3627 1.
1110 3571 1181 3627 adm
1193 3573 1285 3626 Marc.
1304 3574 1326 3627 1.
1340 3574 1383 3629 19.

455 3645 509 3698 Ill.
530 3650 557 3702 6·
585 3649 629 3702 16.
656 3647 703 3700 IV.
724 3653 770 3702 21.
797 3647 876 3699 Prax.
897 3650 957 3713 26).

405 3719 436 3795 8)
455 3721 589 3773 Trinitas.
610 3725 660 3792 Ap.
681 3727 728 3778 21.
758 3721 817 3774 adv.
837 3721 968 3794 Hermog.
988 3727 1015 3782 5.
1042 3726 1122 3778 Prax.
1143 3725 1170 3782 5.
1196 3722 1224 3778 l.
1251 3728 1279 3781 8·
1299 3728 1324 3780 9.
1363 3756 1368 3764 ·

405 3802 436 3865 9)
457 3799 575 3850 Animae
603 3812 766 3850 sanctorum
791 3801 822 3850 in
847 3800 910 3850 alno
936 3797 1061 3852 Abrahae
1087 3802 1144 3852 eive
1169 3797 1311 3872 paradino,
1335 3795 1384 3850 tub

456 3871 553 3937 altari,
582 3888 631 3926 een
655 3872 735 3940 loco,
767 3889 824 3925 non
854 3872 985 3939 coelesti,
1015 3873 1065 3930 aed
1092 3889 1187 3928 tamen
1216 3871 1310 3927 inferit
1335 3888 1384 3927 au-

456 3950 560 4017 periori
586 3944 715 4002 foventur
740 3960 768 4002 et
793 3945 914 4020 gaudent
940 3967 1025 4024 nsque
1052 3948 1087 4003 ad
1106 3949 1181 4004 diem
1203 3949 1302 4004 iudicii
1322 3949 1383 4022 (up.

457 4023 503 4079 [171
525 4025 621 4076 Aulin·
1286 4031 1292 4041 ⁸
